3022 5024
651 343 875 416 -4g..

175 562 277 649 Birts)
305 564 470 649 exposuit
516 561 687 629 Praeterea
714 563 894 629 lectionem
925 563 1082 630 codicum
1110 582 1246 650 pravam
1274 581 1352 633 esse

173 682 271 757 puto;
308 689 351 737 ne
383 671 483 756 plane
516 688 592 736 earn
621 680 774 747 servaret,
807 669 1041 755 Sudhausio²)
1074 671 1144 738 Birt
1175 674 1352 758 persuasit,

173 780 231 863 qui
256 777 469 844 scribendum
504 795 579 843 esse
603 786 732 842 censet:
768 775 824 840 tibi
856 776 982 841 entitur
1013 776 1118 860 ἐφιεὶς,-
1150 786 1238 845 certe
1263 778 1353 864 lapis

172 886 308 951 molaris
324 886 455 969 petitur,
481 884 552 968 ipse
571 884 734 968 impetum
752 901 823 949 non
846 883 934 949 iacit
966 882 1036 950 Sed
1052 902 1096 950 ne
1112 887 1197 952 haec
1211 886 1350 970 quidem

173 1009 377 1077 quamquam
391 992 480 1056 bene
493 990 742 1074 intelleguntur,
757 990 792 1055 in
804 998 929 1055 textum
942 992 1135 1076 receperim,
1151 1011 1229 1057 nam
1242 992 1353 1077 aptior

173 1099 254 1163 mihi
277 1098 409 1163 videtur
431 1098 598 1163 sententia
621 1096 719 1175 ellici,
750 1098 779 1162 si
802 1097 991 1162 subiectum
1015 1106 1067 1164 est
1088 1099 1176 1183 lapis
1198 1100 1351 1178 molaris5

173 1223 284 1290 neque
307 1222 386 1270 vero
410 1212 535 1270 rectum
560 1212 654 1289 puto,
679 1204 773 1289 quod
796 1205 831 1269 in
855 1203 942 1270 ltalis
966 1205 1086 1288 legitur
1108 1212 1142 1271 et
1163 1206 1208 1271 ab
1231 1204 1351 1273 Ellisio

173 1320 206 1377 et
220 1310 403 1377 Vessereau
422 1320 592 1396 receptum
610 1320 676 1378 est:
700 1310 843 1394 capitum
865 1329 977 1377 senno
999 1312 1089 1377 enim
1106 1320 1158 1378 est
1172 1312 1215 1378 de
1233 1331 1351 1397 pugna

172 1416 326 1483 nondum
353 1417 458 1497 linita,
494 1418 555 1484 sed
589 1419 780 1503 incipiente.
826 1417 940 1498 Quam
972 1419 1017 1484 ab
1040 1437 1177 1484 causam
1212 1428 1247 1486 ct
1268 1438 1350 1487 con-

84 1536 88 1543 ·
173 1524 330 1589 iecturam
349 1523 472 1590 malam
492 1523 639 1605 carpitur
651 1524 707 1607 (=
721 1524 1109 1608 corripitur)Baehrensii
1122 1525 1351 1612 etAlzingeri:

173 1629 357 1715 carmiani)
381 1631 553 1696 meliorem
578 1630 762 1707 reiecerim;
786 1631 868 1695 mihi
891 1631 1030 1715 quidem
1055 1632 1222 1700 hocloco
1246 1652 1349 1718 quam

172 1738 317 1804 maxime
346 1737 507 1803 idoneum
536 1736 666 1802 videtur
693 1738 848 1803 verbum:
880 1736 1020 1801 roditur.
1070 1738 1170 1820 Quae
1198 1758 1276 1806 cum
1305 1741 1351 1807 ita

172 1846 249 1925 sint,
273 1863 313 1911 ex
338 1846 404 1911 hoc
426 1862 523 1910 versu
548 1844 591 1910 de
615 1841 742 1910 Aetnae
765 1852 872 1911 aetate
896 1844 980 1911 nihil
1003 1844 1177 1912 discimus,

278 1950 425 2017 llltemm
446 1959 557 2017 aulem
574 1951 713 2016 verbum
730 1951 763 2015 in
781 1951 847 2017 hoc
862 1951 983 2035 legitur
997 1970 1145 2019 conexu:
1168 1972 1200 2019 v.
1216 1951 1285 2019 530
1298 1970 1350 2038 sq.

173 2066 288 2124 auctor
311 2075 348 2123 se
372 2075 495 2141 negare
519 2076 590 2123 non
614 2075 717 2142 posse
740 2064 906 2123 asseverat
929 2059 1028 2124 etiam
1053 2066 1182 2144 praeter
1200 2060 1349 2145 lapidem

173 2165 332 2231 molarem
358 2172 465 2230 certos
488 2165 618 2249 lapides
642 2164 778 2231 interius
801 2164 930 2231 ardere:

446 2271 507 2337 531
535 2270 613 2335 hoec
630 2271 774 2353 propalo
797 2270 905 2336 airam
928 2271 954 2338 C
978 2293 993 2338 r
1014 2271 1059 2339 Ar

279 2396 377 2479 Quae
393 2398 493 2464 verba
515 2404 601 2465 recte
622 2404 707 2464 stare
723 2416 799 2464 cum
817 2397 890 2463 aliis
906 2395 1067 2464 Sudhaus
1082 2405 1115 2464 et
1130 2396 1351 2485 Stowasser⁴)

172 2514 388 2584 censuerunt3
425 2512 561 2591 uterque
595 2512 707 2570 autem
731 2512 764 2570 et
787 2505 821 2569 in
846 2506 1020 2572 enuntiato
1044 2504 1293 2591 interpretando
1316 2514 1351 2573 et

172 2614 206 2681 in
242 2612 348 2678 torma
383 2614 526 2695 propola
566 2609 764 2696 explicanda
798 2610 946 2678 diversas
980 2613 1164 2679 sententias
1202 2614 1348 2699 protulit.

173 2719 258 2786 Cum
295 2721 385 2786 enim
422 2719 475 2784 ille
508 2718 607 2784 verba
641 2717 684 2783 ad
707 2716 853 2803 lapidem
879 2720 1039 2785 molarem
1063 2719 1180 2786 referat
1202 2719 1350 2804 ideoque

173 2828 383 2894 enuntiatum
398 2826 496 2910 priori
509 2824 685 2891 adversum
699 2826 864 2892 existimet
875 2826 997 2912 (venia
1018 2827 1136 2903 ,allein
1149 2826 1204 2893 die
1216 2828 1350 2895 hervor-

174 2932 321 3017 ragende
338 2931 554 3016 Eigenschaft
577 2931 687 2997 dieses
705 2930 862 2999 (iesteins
884 2932 966 3017 liegt
982 2933 1128 3001 deutlich
1151 2953 1193 3000 zu
1209 2931 1350 3019 Tage‘),

172 3038 356 3107 Stowasser
384 3045 518 3123 poetam
549 3057 684 3104 causam
716 3040 834 3124 prioris
863 3041 1049 3107 sententiae
1078 3040 1193 3108 altene
1216 3046 1249 3106 et
1272 3058 1350 3125 pro·

172 3147 324 3212 nuntiare
348 3151 455 3230 putat:
485 3146 583 3212 etiam
608 3146 663 3211 alii
686 3144 816 3231 lapides
837 3147 975 3213 interius
995 3145 1109 3213 ardere
1132 3163 1255 3236 negare
1276 3164 1349 3214 non

172 3270 323 3338 possum,
359 3271 437 3318 nam
467 3252 533 3318 hoc
561 3251 746 3319 luculenter
772 3259 919 3337 apparet.
977 3252 1158 3338 Utriusque
1185 3273 1217 3319 v.
1238 3251 1272 3319 d.
1293 3271 1349 3320 ex·

172 3360 305 3446 plicatio
334 3358 560 3426 offensionem
591 3366 713 3425 movet.
761 3358 884 3425 Contra
907 3357 1136 3426 Sudhausium
1166 3359 1348 3427 dicendum

173 3474 223 3534 est
238 3472 270 3532 et
285 3466 388 3534 verbo
405 3465 483 3531 loeo
498 3466 590 3552 (nam
609 3484 798 3551 pronomen
815 3464 867 3530 hio
880 3466 922 3531 ad
935 3467 1124 3552 proximum
1138 3467 1348 3534 enuntiatum

174 3572 421 3640 adnectendum
453 3591 527 3639 esse
563 3572 662 3658 solet)
685 3580 717 3640 et
739 3591 836 3639 versu
862 3572 1052 3656 insequenti
1075 3571 1158 3655 quin
1180 3571 1263 3655 ipsis
1286 3579 1348 3640 etc.

172 3680 243 3765 (qui
269 3681 351 3746 haec
375 3680 500 3764 legerit,
525 3679 760 3746 sententiolam
786 3697 923 3764 quoque
943 3678 1197 3746 antecedentem
1218 3678 1350 3765 lapides

173 3786 247 3853 illos
271 3788 432 3871 attingere
457 3785 631 3871 iudicabit)
661 3787 761 3853 nobis
789 3786 981 3871 persuaderi
1016 3793 1151 3873 poetam
1183 3785 1225 3853 de
1259 3786 1349 3852 saxis

172 3892 236 3959 illis
270 3893 373 3977 loqui.
420 3891 519 3959 Alteri
556 3898 666 3958 autem
703 3893 920 3960 obiciendum
946 3901 996 3961 est
1025 3901 1160 3979 poetam
1185 3892 1350 3960 affirmare

279 4072 301 4139 1)
321 4068 383 4124 llirt
401 4068 504 4123 Philol.
524 4067 607 4125 LVII
626 4068 720 4141 (1898)
739 4088 765 4141 p.
780 4070 840 4137 608,
860 4087 888 4124 n.
909 4069 950 4125 10.

279 4160 301 4227 ²)
320 4158 401 4212 (tom
422 4157 485 4212 Gal.
506 4158 578 4212 Ana.
600 4158 669 4213 1903
693 4177 720 4230 p.
740 4159 800 4226 540,
824 4159 946 4215 eandem
971 4159 1149 4214 sententiam
1167 4157 1350 4214 Hildebrand

171 4246 321 4320 prolouuuu
341 4251 386 4301 out
404 4246 504 4315 (Beier.
523 4265 550 4318 p.
565 4246 650 4318 2011.)

278 4340 302 4409 ³)
321 4336 355 4391 Α.
375 4335 505 4391 laudavit
523 4337 683 4392 clausulam
701 4354 804 4393 versus
823 4337 982 4410 Vergiliani
1001 4339 1087 4410 (Aen.
1108 4336 1150 4394 IV
1162 4338 1205 4408 2):
1224 4342 1351 4412 carptim

171 4430 244 4502 thou
265 4424 389 4483 oriudum
409 4426 520 4481 exitum
538 4426 569 4478 in
589 4424 675 4480 Ovidi
690 4425 729 4480 M.
750 4427 796 4481 III
814 4429 850 4482 90
869 4433 984 4483 exstare
1003 4429 1233 4484 memoraverim.

278 4520 301 4593 ⁴)
320 4515 460 4575 Zoituohr.
479 4514 500 4571 l.
520 4519 621 4572 datam.
641 4514 747 4591 Gymn.
767 4515 837 4573 1900
854 4534 881 4592 p.
894 4516 955 4574 386.
