3022 5024
642 368 863 437 „19-

164 606 251 674 quae
269 586 395 673 optime
413 585 494 652 dixit
511 591 611 670 poeta
628 585 845 664 Mantuanus,
870 592 906 652 ut
922 584 1114 671 prodigium
1133 583 1342 665 describeret,

165 694 259 779 quod
284 694 424 760 Caesare
458 693 628 759 interiecto
658 692 791 771 accidit;
821 693 872 759 sol
890 693 979 758 enim
1002 710 1061 778 per
1081 693 1189 759 totum
1215 710 1342 758 annum

165 803 248 868 miro
273 800 377 868 modo
403 799 526 884 pallida
551 806 628 878 erat,
654 818 729 865 cum
755 800 879 866 nebula
904 801 1143 865 obscuraretur.
1179 798 1290 880 Quare
1315 799 1343 864 si

165 927 314 994 unquam
340 907 381 973 de
399 907 534 973 duobus
551 907 634 972 locis
651 906 816 973 similibus
834 924 922 986 eum,
948 907 1005 991 qui
1022 906 1206 991 simplicior
1222 907 1344 991 aptior-

166 1034 230 1100 que
255 1016 296 1081 sit
313 1022 345 1081 et
361 1014 491 1080 facilius
508 1014 734 1098 perspiciatur,
760 1013 851 1098 prius
868 1014 1025 1098 scriptum
1047 1031 1120 1078 esse
1146 1011 1343 1093 iudicamus,

165 1123 219 1188 hic
243 1140 430 1188 asseverare
448 1122 523 1187 licet
538 1120 666 1187 Aetnae
683 1128 852 1189 auctorem
870 1120 1053 1205 Vergilium
1077 1121 1240 1187 imitatum
1259 1138 1343 1187 esse.

271 1227 346 1295 darn
370 1247 449 1296 vero
475 1229 538 1294 hos
562 1228 657 1294 locos
674 1228 902 1312 inspiciamus,
928 1228 985 1311 qui
1011 1228 1094 1294 inter
1117 1245 1153 1295 se
1178 1226 1344 1312 quodam-

166 1336 270 1403 modo
296 1337 473 1403 cohaerere
498 1335 581 1400 mihi
606 1334 742 1419 quidem
767 1334 935 1402 videntur:

292 1441 350 1508 Ae.
369 1443 430 1508 361
459 1440 630 1507 cinabulis
648 1445 763 1523 partes
786 1446 860 1507 utcu
884 1442 1049 1507 srtbuaciot
1072 1463 1183 1506 arona.

238 1548 279 1616 G.
305 1548 340 1615 ΙΙΙ
364 1549 424 1614 241
452 1547 646 1632 rapiamque
670 1549 735 1613 ulie
758 1548 918 1614 subiectat
940 1569 1052 1613 urano.
1144 1592 1149 1598 -

167 1655 316 1724 Occurrit
339 1675 455 1722 versus
478 1655 690 1740 Vergilianus
721 1657 754 1721 in
780 1674 818 1721 ea
843 1654 1086 1740 Georgicorum
1112 1662 1213 1740 parte,
1243 1673 1344 1740 quam

168 1764 199 1850 (a
237 1784 267 1830 v.
305 1762 385 1848 229)
440 1762 612 1828 Lucanum
667 1761 808 1828 Statium
863 1761 982 1828 Silium
1037 1761 1218 1829 admiratos
1271 1779 1345 1827 esse

168 1877 307 1937 constat.
355 1870 401 1936 lbi
431 1876 555 1949 auctor,
586 1887 661 1934 cum
688 1868 729 1935 de
753 1876 921 1936 taurorum
951 1869 1087 1953 proeliis
1114 1871 1213 1936 verba
1237 1869 1345 1947 iaciat,

168 1978 249 2044 tauri
267 1978 429 2062 impeturn
448 1993 523 2041 cum
542 1976 675 2041 incursu
694 1977 780 2044 imae
797 1976 909 2043 undae
925 1977 1103 2044 verticibus
1121 1975 1346 2042 exaestuantis

168 2092 201 2151 et
224 2102 358 2150 arenam
383 2083 602 2149 subiectantis
619 2091 799 2168 comparat.
841 2083 934 2149 Haec
955 2083 1069 2149 omnia
1087 2082 1232 2150 dilucida
1257 2088 1345 2160 sunt,

170 2209 279 2275 neque
326 2191 438 2255 minus
485 2195 561 2273 apte
609 2208 648 2254 ea
692 2189 778 2256 dicta
821 2196 909 2270 sunt,
954 2208 1039 2275 quae
1084 2190 1164 2255 alter
1202 2189 1346 2267 exhibet,

169 2298 227 2382 qui
251 2298 437 2363 animarum
464 2297 625 2380 impetum
652 2297 749 2381 ignes
774 2304 805 2362 et
829 2315 907 2362 saxa
931 2304 999 2363 atra
1028 2315 1127 2362 arena
1152 2296 1346 2362 subvectare

169 2403 312 2488 expedit.
368 2402 531 2469 Videmus
564 2411 686 2483 autem,
721 2422 926 2488 quamquam
962 2411 1082 2488 poetae
1114 2421 1150 2469 se
1184 2402 1346 2486 respicere

167 2511 330 2589 videntur,
354 2510 492 2577 alterum
517 2511 649 2577 alterius
670 2512 769 2577 verba
794 2511 910 2577 leniter
933 2517 1070 2591 mutare,
1096 2529 1171 2577 cum
1198 2510 1251 2574 hic
1273 2506 1347 2573 snb-

168 2622 280 2699 baetnt,
311 2618 364 2683 ille
393 2616 552 2699 subiectat
579 2619 745 2702 praebeat.
793 2618 921 2685 Ponere
950 2619 1046 2684 liceat
1073 2617 1248 2683 Maronem
1274 2616 1374 2681 imi.

169 2732 308 2792 tatorem
348 2724 467 2790 luisse:
515 2743 601 2809 quae
649 2726 679 2790 ei
722 2725 784 2792 fuit
831 2744 931 2792 causa
978 2724 1151 2791 mutandi?
1211 2722 1346 2789 Nullam

171 2825 426 2915 cognoscimus;
458 2850 568 2916 neque
599 2833 688 2898 enim
719 2833 752 2897 in
783 2834 855 2899 eius
883 2834 1082 2899 sententiam
1107 2833 1245 2899 verbum
1274 2828 1347 2894 sub-

169 2943 273 3003 vertat
296 2939 408 3004 minus
424 2939 620 3023 quadrasset
644 2938 790 3025 (luerunt
814 2940 871 3025 qui
896 2941 939 3006 ita
960 2941 1101 3007 scribere
1117 2940 1249 3019 vellent,
1276 2956 1346 3004 non

171 3045 268 3131 iure);
314 3045 441 3112 Aetnae
486 3053 596 3112 autem
638 3053 752 3131 poeta,
793 3048 821 3112 si
867 3048 900 3112 in
942 3047 1121 3132 exemplari
1164 3065 1227 3113 suo
1267 3045 1348 3129 legit

170 3151 336 3232 subiectat,
362 3159 488 3219 mutare
514 3161 649 3220 coactus
666 3160 742 3233 erat,
769 3173 844 3220 cum
870 3156 900 3219 ei
925 3156 959 3219 in
977 3155 1091 3221 animo
1117 3161 1206 3221 esset
1229 3151 1346 3237 depin-

171 3277 249 3343 gere
273 3278 407 3326 arenam
433 3267 545 3340 atram,
576 3279 662 3345 quae
686 3261 841 3328 faucibus
866 3261 1050 3341 elideretur,
1080 3280 1159 3327 saxa
1186 3260 1268 3326 lene
1292 3258 1346 3344 (i.

172 3385 293 3433 comm.
323 3365 428 3435 Sudh.
460 3387 491 3452 p.
513 3367 599 3453 158).
646 3366 784 3453 Scripsit
815 3369 913 3452 igitur
947 3368 1113 3433 ssttbvectut
1143 3368 1240 3452 quasi
1268 3385 1347 3432 saxa

171 3473 326 3540 vehiculo
351 3493 471 3541 arenae
501 3476 631 3542 sublata
661 3477 695 3541 in
720 3476 822 3542 altum
847 3476 1057 3553 veherentur3
1087 3493 1188 3559 quare
1213 3474 1240 3539 si
1265 3474 1348 3539 haec

172 3587 258 3647 recte
298 3580 564 3661 deliberavimus,
604 3582 744 3649 fortasse
784 3582 946 3648 affirmare
990 3582 1066 3648 licet
1104 3579 1346 3664 Georgicorum

172 3705 303 3754 versum
329 3695 406 3754 ante
429 3687 661 3754 Aetnaeanum
686 3689 789 3779 videri
815 3708 888 3755 esse
913 3689 1097 3755 conditum.

232 3822 236 3833 ¹
279 3794 348 3861 Sed
372 3797 437 3862 iarn
456 3796 759 3862 considerationem
781 3796 995 3863 intendamus
1020 3797 1054 3862 in
1079 3796 1168 3862 illam
1193 3796 1348 3862 carminis

173 3903 377 3987 particulam,
403 3921 469 3987 qua
495 3903 535 3969 de
553 3904 750 3987 agricultura
768 3911 867 3989 poeta
892 3904 1039 3988 loquitur
1062 3902 1127 3989 (vv.
1145 3904 1347 3990 264-272).

173 4008 251 4089 Qui,
286 4029 386 4093 quam
416 4011 530 4077 acriter
559 4011 592 4076 in
623 4011 709 4077 hanc
743 4031 810 4077 rem
841 4011 1023 4090 invehatur,
1058 4011 1246 4095 inspexerit,
1277 4031 1348 4097 per-

173 4134 310 4182 suasum
337 4116 473 4182 habebit
497 4117 526 4182 ei
551 4135 619 4183 rem
645 4136 714 4183 non
738 4117 848 4183 solum
874 4135 947 4182 esse
965 4135 1040 4182 cum
1066 4135 1223 4200 agrorum
1249 4119 1347 4197 cultu,

173 4223 234 4289 sed
258 4224 357 4289 etiam
383 4241 457 4288 cum
483 4241 525 4290 eo
549 4225 660 4308 scripti
685 4242 818 4308 genere,
844 4241 911 4308 quo
937 4224 990 4289 hic
1008 4223 1244 4290 celebrabatur,
1269 4223 1348 4303 Quo

174 4330 337 4396 arbitraris
354 4330 436 4395 haec
452 4329 516 4396 tela
534 4330 603 4397 dari
621 4331 684 4397 nisi
703 4331 737 4397 in
753 4330 877 4414 Vergili
894 4329 1082 4414 Georgica?
1110 4328 1219 4416 Atque
1236 4333 1351 4394 auctor

174 4435 246 4520 ipse
278 4437 343 4503 hoc
374 4436 541 4517 indicavit,
573 4456 648 4504 cum
681 4440 724 4505 ad
755 4440 856 4505 verba
890 4437 1134 4523 Georgicorum
1168 4433 1348 4515 adluderet,

174 4541 268 4632 quod
297 4562 337 4611 ex
370 4542 537 4632 lllzingeri
573 4544 682 4615 indice
705 4545 801 4616 facile
826 4546 1007 4615 cernimus:
1047 4545 1139 4632 apud
1173 4550 1349 4628 utrumque

1155 4651 1188 4708 2*
1323 4673 1327 4682 .
