3022 5024
683 356 903 427 „35-

197 546 323 643 babeat
358 574 651 661 significationem.
699 572 855 652 Causam,
892 574 1065 653 rationem,
1102 579 1299 657 argumenta
1326 573 1378 640 vel

200 683 280 751 talia
303 681 518 765 percipimus,
543 699 613 748 non
642 700 771 757 curam;
799 699 900 764 quam
930 680 975 747 ob
1004 698 1072 746 rem
1102 678 1208 747 Jacob
1237 680 1379 747 scribere

199 790 320 858 voluit:
356 808 484 855 capuae.
531 788 650 874 Neque
684 806 763 855 vero
797 787 995 853 mutandum
1030 804 1105 853 esse
1138 788 1284 867 arbitror,
1318 786 1379 853 sed

200 896 317 963 miram
329 895 511 964 dictionem
526 895 711 962 imitatione
721 893 905 960 Maniliana
917 893 1068 961 effectam
1081 912 1155 961 csse
1167 895 1377 961 coniecerim.

307 1039 416 1124 Prope
448 1038 489 1105 ad
523 1037 699 1104 Manilium
733 1037 776 1122 (V
796 1037 849 1123 12)
880 1038 934 1105 hic
962 1044 1061 1122 poeta
1089 1059 1120 1105 v.
1143 1037 1207 1104 247
1236 1037 1377 1105 accedit:

200 1166 264 1228 quo
298 1150 387 1211 uocet
410 1143 522 1227 Orico,
554 1146 582 1211 si
614 1145 793 1212 lectionem
819 1143 1035 1230 Gyraldinam
1060 1146 1241 1230 sequimur,
1275 1162 1376 1230 quam

200 1252 359 1320 Sudhaus
376 1254 410 1320 in
424 1259 616 1321 contextum
628 1252 761 1336 recepit,
773 1269 848 1318 cum
860 1250 940 1318 Ellis
952 1258 983 1317 et
993 1252 1177 1318 Vessereau
1189 1252 1375 1317 secundum

200 1366 328 1427 ceteros
352 1357 487 1427 codices
510 1359 669 1427 scribant:
693 1360 785 1424 colet.
844 1357 1009 1442 Equidem
1032 1358 1174 1443 priorem
1197 1357 1375 1424 lectionem

199 1465 394 1552 praeferam,
423 1466 499 1534 cu'm
532 1466 574 1532 de
599 1466 705 1550 signis
730 1483 806 1533 eum
831 1466 931 1532 verba
955 1464 1117 1531 facturum
1143 1483 1228 1545 esse,
1253 1466 1376 1550 quibus

200 1581 322 1641 nautae
347 1580 492 1653 utuntur,
516 1590 612 1640 versu
635 1573 700 1638 246
724 1572 862 1656 cognito
881 1580 1109 1656 expectemus;
1134 1572 1161 1638 si
1178 1572 1261 1638 haec
1278 1572 1375 1638 lectio

199 1687 286 1747 recta
299 1686 357 1760 est,
375 1681 448 1746 sine
466 1679 570 1746 dubio
588 1680 756 1746 obiectum
770 1686 820 1745 est
835 1683 965 1743 aarum.
991 1678 1206 1762 Quamquam
1224 1679 1267 1745 ita
1285 1697 1375 1745 com-

200 1786 324 1853 modus
340 1804 461 1853 sensus
478 1786 626 1865 efficitur,
644 1792 755 1852 tamen
774 1785 862 1852 idern
879 1786 1017 1853 verbum
1034 1785 1177 1853 vocandi
1196 1787 1227 1851 in
1245 1785 1375 1852 Manilii

199 1894 374 1961 enuntiato
411 1894 521 1979 aptius
554 1893 744 1972 adhibetur3
775 1900 875 1978 poeta
908 1894 998 1959 enim
1032 1893 1133 1958 alium
1170 1894 1234 1958 iam
1270 1893 1373 1958 finem

198 1999 361 2066 facturum
390 2000 494 2066 fuisse
518 2006 693 2080 asseverat,
723 2000 786 2066 sibi
815 2007 926 2066 autem
957 1999 1165 2084 pergendum
1187 2019 1272 2079 esse,
1297 2019 1373 2066 cum

200 2106 348 2173 mundus
387 2108 500 2174 iubeat
534 2125 570 2173 se
610 2113 682 2173 toto
712 2107 805 2173 caelo
834 2106 1015 2186 decurrere,
1051 2126 1126 2172 cum
1156 2108 1234 2173 hinc
1267 2105 1373 2173 Orion

198 2231 236 2280 se
259 2221 366 2294 vocet,
391 2215 480 2281 illinc
495 2212 636 2298 Anguis.
687 2213 742 2279 Nil
766 2221 833 2280 tam
857 2213 952 2279 facile
976 2214 1147 2280 subaudiri
1172 2232 1272 2297 quam
1298 2232 1373 2298 pro-

199 2338 325 2388 nomen
350 2339 515 2406 personae
539 2321 665 2406 primae
690 2328 808 2387 notum
833 2327 897 2399 cst;
921 2320 1076 2385 facillime
1098 2320 1197 2403 igitur
1213 2321 1372 2405 astrologi

198 2429 363 2494 sententia
380 2428 558 2513 percipitur
574 2434 606 2494 et
621 2428 688 2494 vim
703 2425 896 2512 quamdam,
914 2433 949 2492 ut
962 2427 1042 2492 mihi
1055 2427 1193 2507 videtur,
1211 2428 1371 2494 maiorem

200 2552 301 2619 quam
326 2535 379 2601 ille
403 2534 499 2602 locus
514 2533 642 2601 Aetnae
666 2535 775 2600 habet.
822 2534 934 2618 ltaque
959 2535 1048 2599 hunc
1065 2541 1199 2620 poetam
1216 2534 1316 2600 verba
1333 2552 1374 2601 ex

197 2640 439 2709 Astronomicis
463 2642 615 2708 hausisse
640 2642 833 2727 putaverim.

304 2783 338 2850 ln
374 2785 495 2851 talibus
524 2785 633 2864 rebus,
669 2803 755 2869 quae
786 2785 895 2869 magis
924 2786 1111 2852 sentiuntur
1134 2804 1232 2871 quam
1259 2793 1371 2852 mente

198 2891 433 2976 percipiuntur,
455 2892 632 2958 hominum
650 2890 772 2957 iudicia
790 2892 823 2957 in
841 2894 1020 2959 contrarias
1037 2900 1145 2978 partes
1162 2894 1251 2959 abire
1269 2911 1371 2978 posse

198 2997 288 3064 haud
323 2999 459 3083 ignor0;
496 2999 576 3065 mihi
613 2998 749 3082 quidem
785 2998 837 3064 his
866 3000 949 3065 locis
975 3000 1170 3067 examinatis
1193 3000 1370 3066 verisimile

196 3103 325 3171 videtur
367 3123 441 3172 esse
485 3104 626 3172 Aetnam
671 3112 748 3190 post
790 3104 1023 3172 Astronomica
1072 3106 1240 3173 conditam
1285 3124 1369 3172 esse.

197 3209 334 3296 quando
373 3212 445 3279 libri
485 3211 527 3278 de
559 3210 802 3279 Astronomicis
837 3213 947 3297 scripti
987 3213 1062 3291 sint,
1102 3212 1255 3279 nondum
1291 3213 1370 3278 satis

197 3318 402 3403 exploratum
428 3326 494 3399 cst;
519 3326 604 3385 certe
629 3326 685 3386 aut
709 3320 886 3404 postremis
910 3320 981 3385 aevi
1005 3318 1167 3403 Augustei
1192 3321 1290 3387 annis
1314 3328 1371 3387 aut

196 3425 328 3492 Tiberio
353 3426 551 3511 imperatore
575 3428 753 3511 compositi
776 3433 853 3492 sunt
864 3425 899 3511 ¹.)
945 3425 981 3491 Si
998 3426 1086 3511 prior
1102 3428 1265 3493 sententia
1284 3434 1369 3494 recta

196 3538 255 3612 est,
279 3531 361 3598 nihil
379 3533 457 3599 novi
475 3532 517 3599 de
533 3532 639 3600 Aetna
657 3533 827 3613 discimus,
845 3533 1006 3616 quoniam
1024 3551 1157 3598 carmen
1174 3540 1252 3618 post
1267 3532 1368 3600 Ovidi

196 3645 335 3706 mortem
370 3639 494 3706 factum
530 3659 603 3706 esse
636 3658 735 3725 supra
764 3641 829 3706 iam
856 3640 1067 3724 collegimus;
1104 3641 1132 3705 si
1157 3641 1265 3720 altera,
1302 3641 1367 3706 iam

196 3745 298 3829 paulo
322 3746 461 3831 propius
479 3746 521 3812 ad
538 3746 686 3812 medium
704 3747 874 3813 saeculum
896 3747 1039 3832 primum
1057 3766 1089 3832 p.
1108 3747 1144 3814 C.
1163 3767 1194 3813 n.
1207 3749 1368 3817 terminus

195 3852 248 3920 ille
273 3852 466 3939 novetur2).

196 4155 412 4227 „suscipimus“,
432 4174 491 4211 non
507 4157 722 4230 „percipimus“,
741 4157 865 4214 fortasse
879 4159 906 4212 in
925 4164 1030 4231 poetae
1044 4159 1079 4214 cio
1093 4160 1211 4216 Manilio
1225 4158 1367 4216 recordati

193 4260 281 4299 versu
318 4248 493 4317 praepositio
524 4268 577 4320 per
607 4264 659 4318 pro
687 4248 736 4301 illa
763 4249 885 4320 irrepsit.
914 4280 948 4288 —
976 4249 1081 4304 Exitus
1110 4267 1214 4306 versus
1241 4248 1366 4304 traditus

193 4332 259 4388 loco
287 4333 413 4405 quodam
432 4335 516 4390 Statii
535 4353 552 4391 a
571 4336 684 4391 Jacobo
713 4337 801 4391 allato
826 4337 944 4393 defendi
971 4338 1102 4394 videtur:
1130 4343 1223 4398 aniano
1241 4347 1267 4397 et
1284 4341 1367 4404 sordeo

194 4431 346 4482 castrorum
365 4428 473 4498 concipe
490 4445 571 4484 curae
590 4424 671 4497 (silv.
682 4426 709 4483 V
719 4427 744 4495 2,
756 4426 827 4500 127).

299 4531 322 4605 ¹)
341 4529 494 4589 Terminus
512 4531 633 4590 ultimus
652 4515 712 4589 nou
730 4532 908 4590 dubitandus
927 4551 952 4590 a.
966 4534 983 4590 9
995 4552 1021 4609 p.
1036 4533 1100 4590 Ohr.
1114 4551 1142 4590 n.
1156 4537 1209 4590 est.

1167 4623 1205 4679 ga
