3022 5024
669 366 891 440 ..43-

190 584 315 658 Nonne
330 584 425 656 vides
442 604 600 673 magnam
616 587 793 656 verborum
813 586 961 675 ipsorum
982 586 1259 674 congruentiam?

299 713 430 781 Deinde
454 715 603 783 tellurem
629 722 730 799 poeta
747 722 918 800 comparat
942 733 1018 782 curn
1043 715 1189 796 animali,
1215 714 1248 782 id
1273 713 1367 800 quod

191 821 327 907 saepius
351 820 385 887 in
410 821 606 906 philosophi
630 822 721 889 libris
745 823 894 889 occurrit.

297 945 332 1012 ln
366 945 622 1031 insequentibus
655 953 771 1014 auctor
806 954 926 1027 narrat,
963 947 1088 1034 quibus
1122 948 1231 1016 causis
1264 955 1366 1016 terrae

190 1050 314 1120 raritas
338 1058 408 1120 orta
432 1053 483 1134 sit,
508 1071 647 1140 quarum
673 1071 740 1121 una
765 1060 831 1123 est:

354 1177 412 1245 111
769 1181 827 1244 aed
849 1177 930 1244 liber
953 1177 1092 1262 spiritus
1115 1177 1206 1245 intra

404 1282 566 1370 effugiens
589 1284 721 1351 molitus
744 1284 816 1352 iter.

191 1408 255 1477 Hic
283 1414 401 1489 textus,
431 1427 531 1495 quern
557 1409 691 1478 codices
720 1409 747 1478 C
771 1409 793 1477 S
819 1412 989 1497 praebent,
1014 1412 1068 1478 vix
1095 1419 1207 1497 potest
1234 1411 1363 1480 servari.

190 1515 276 1583 Nanr
291 1517 435 1602 primurn
448 1518 586 1584 verbunr
602 1517 733 1583 linitunr
749 1516 935 1584 secundum
948 1519 1048 1585 verba
1065 1537 1151 1604 quae
1165 1527 1364 1604 sequuntur:

191 1621 266 1703 edit,
295 1623 407 1704 mollit,
438 1625 536 1691 etiarn
562 1625 616 1690 hic
644 1624 857 1704 desideratur,
885 1625 1008 1692 deinde
1033 1644 1109 1691 cunr
1140 1626 1292 1693 nondum
1322 1628 1365 1694 ad
1418 1620 1436 1644 ⁶

189 1730 301 1797 linem·
318 1729 515 1815 perductum
545 1749 619 1796 esse
644 1749 731 1816 opus
755 1737 879 1812 auctor,
910 1731 970 1797 sed
996 1733 1094 1799 etiarn
1125 1750 1215 1799 nunc
1239 1734 1286 1799 sic
1309 1735 1364 1819 agi

190 1839 324 1923 cogitet,
353 1843 488 1923 tempus
517 1855 676 1923 praesens
706 1839 901 1922 postulatur,
930 1846 1000 1905 turn
1027 1840 1107 1905 rnire
1131 1840 1261 1907 videtur
1284 1841 1363 1908 dici:

189 1943 280 2010 intro
308 1942 487 2029 effugiens
522 1963 599 2010 narn
630 1962 705 2010 curn
736 1945 812 2011 talia
842 1945 998 2012 adverbia
1029 1946 1159 2013 facilius
1194 1946 1236 2014 ad
1264 1949 1364 2015 verba

190 2070 290 2137 quarn
316 2052 358 2119 ad
382 2053 589 2143 substantiva
615 2053 802 2132 referantur,
827 2055 935 2137 prirno
960 2062 1096 2140 aspectu
1122 2056 1163 2133 ei,
1192 2056 1249 2140 qui
1274 2055 1363 2139 legit,

190 2164 358 2226 auctorem
383 2159 492 2227 dicere
508 2158 611 2226 videri
629 2177 767 2226 necesse
785 2165 834 2227 est
855 2160 1006 2244 spiritum
1024 2161 1184 2227 introrsus
1202 2161 1363 2245 eflugere3

191 2263 225 2330 id
263 2264 357 2350 quod
396 2284 478 2333 sane
519 2267 668 2350 ineptunr
709 2274 767 2333 est.
830 2264 953 2333 Ornnis
993 2274 1181 2333 removetur
1219 2267 1363 2333 offensio

191 2372 380 2438 coniectura
415 2373 604 2439 Bormansii
644 2380 784 2459 recepta,
825 2375 882 2458 qui
922 2373 999 2439 loco
1038 2372 1187 2439 Senecae
1227 2373 1363 2441 laudato

190 2512 245 2600 (Vl
272 2514 321 2594 14,
335 2515 355 2581 3
372 2513 446 2580 uide
462 2536 545 2599 erpo,
563 2515 726 2598 nrtchrt'd
741 2515 842 2581 irritat
857 2515 893 2580 ira
910 2515 1001 2580 illum
1019 2514 1159 2598 spiritus
1176 2537 1216 2580 333
1229 2515 1364 2580 33333333-

187 2617 263 2701 suso
286 2626 374 2706 adra)
398 2623 442 2689 ita
466 2623 608 2690 scribere
631 2624 750 2690 voluit:

699 2733 757 2795 sed
781 2730 861 2796 libor
883 2729 1023 2813 spiritus
1046 2729 1150 2795 introi

368 2840 399 2901 el
419 2835 553 2921 fugiam
576 2836 710 2902 molitur
732 2837 829 2924 31331)

189 2976 400 3058 Quibuscurn
434 2979 532 3046 etiarn
565 2980 718 3048 conferas
742 2981 937 3068 philosophi
967 2983 1176 3049 enuntiatum
1200 2982 1241 3049 Vl
1268 2981 1317 3062 13,
1332 2982 1362 3061 4,

189 3084 245 3150 ubi
262 3085 326 3171 (vis
341 3085 466 3172 frigidi)
480 3085 612 3170 sarpieos
630 3108 702 3172 erpo
713 3087 870 3169 proximo
890 3110 1035 3171 quinoque
1049 3089 1219 3154 admolitur
1235 3088 1361 3155 dicitur.

294 3227 395 3295 Porro
417 3235 532 3297 auctor
549 3230 721 3297 nonnullis
738 3231 943 3314 argumentis
960 3232 1101 3316 probare
1118 3230 1229 3298 studet
1245 3237 1362 3298 terrani

188 3333 384 3400 lacunosanr
415 3353 500 3416 esse,
530 3336 563 3403 id
593 3336 686 3422 quod
716 3355 792 3403 cunr
828 3335 957 3402 Seneca
987 3336 1066 3402 inde
1100 3337 1232 3415 conicit,
1269 3336 1363 3422 quod

187 3458 305 3507 amnes
329 3443 444 3526 magni
469 3444 641 3510 nonnullis
665 3444 748 3511 locis
772 3443 977 3528 eproiundo
1002 3451 1190 3528 erumpunt.
1217 3444 1361 3529 Compa-

187 3553 298 3613 rentur
322 3548 404 3614 haec
428 3551 599 3617 enuntiata

190 3689 252 3756 117
276 3689 350 3791 ori—is
367 3691 452 3757 coint
465 3714 531 3757 raon
544 3693 777 3760 creditatorios
799 3695 929 3776 V1,7‚5
953 3695 1019 3760 ium
1042 3716 1116 3760 vero
1139 3694 1239 3759 taionis
1260 3694 1363 3760 oeulis

186 3817 253 3862 3333
276 3798 372 3864 sinsus
390 3801 529 3882 penitus
553 3806 774 3902 lautos-ernest
797 3802 1014 3885 supermittit
1038 3855 1044 3870 .
1072 3854 1077 3866 .
1103 3802 1161 3884 pari
1176 3823 1243 3866 oon
1260 3801 1363 3868 crodit

184 3926 259 4004 Q
281 3905 389 3988 fontes
797 3931 865 3974 3333
880 3909 917 3976 in
933 3909 1041 3976 abdito
1062 3915 1168 3975 terroe
1192 3910 1288 3975 sinus
1303 3914 1360 3994 (33.

186 4033 259 4077 oum
281 4013 371 4078 videt
393 4066 400 4081 .
427 4066 433 4079 .
796 3996 900 4082 nouis
922 4017 1021 4104 vasli)
1191 3997 1298 4010 *—

794 4124 836 4191 VI
846 4125 907 4205 8,2
921 4145 993 4190 33333
1006 4124 1117 4190 videos
1131 4147 1288 4208 emergere
1305 4125 1333 4190 r'l
1349 4163 1361 4173 -
1474 4108 1477 4113 ’

795 4253 869 4295 rrun
885 4252 952 4296 nou
964 4232 1120 4298 minorem
1137 4253 1181 4314 eo,
1198 4232 1256 4314 pari
1266 4231 1362 4313 prior

794 4339 949 4423 floruerat,
975 4340 1032 4422 (33.
1056 4338 1208 4426 Tigrim).

187 4480 399 4491 -—...

290 4566 644 4640 poponem
