3022 5024
645 334 866 411 ..59..

274 550 429 623 Lucanus
889 551 992 622 semel
1017 551 1051 623 in
1076 551 1140 622 266
1164 552 1237 623 vv.l

273 660 380 730 Aetna
404 658 496 748 (646)
833 661 864 741 2,
890 662 994 729 semel
1018 662 1051 728 in
1076 660 1141 729 323
1165 660 1247 749 vv.1)
1297 652 1299 657 ’

274 768 371 850 Quae
396 770 423 836 si
449 769 641 854 inspexeris,
665 769 772 849 facile,
798 775 832 836 ut
856 776 950 855 puto,
975 768 1142 837 concedes
1167 771 1229 836 hac
1254 770 1343 839 inre

168 877 311 946 maxime
336 896 411 943 cunr
437 878 572 945 Lucano
597 895 781 962 congruere
805 884 940 962 poetam
966 883 1127 944 nostrum.

277 983 345 1051 Sed
378 991 586 1052 transeamus
620 984 662 1050 ab
690 986 752 1051 hac
776 1003 820 1065 re,
855 1002 941 1069 quae
967 985 1058 1070 parvi
1083 1002 1157 1051 esse
1182 985 1344 1052 momenti

166 1092 306 1160 fortasse
343 1111 412 1159 non
449 1092 576 1159 nemini
610 1092 770 1171 videatur,
807 1090 848 1157 ad
880 1109 965 1171 eam,
1001 1109 1087 1176 quae
1112 1110 1193 1159 sane
1218 1093 1344 1160 maiore

168 1197 317 1285 pondere
346 1204 405 1278 est,
442 1198 484 1265 ad
509 1216 607 1268 usum
632 1198 822 1266 elisionum.
869 1196 917 1264 Ac
941 1198 1085 1283 primum
1110 1199 1247 1283 quidem
1272 1217 1344 1286 per·
1456 1248 1459 1253 ,

168 1323 297 1391 sequar,
329 1306 411 1391 quid
435 1324 475 1372 ex
498 1305 682 1391 frequentia
707 1305 885 1372 elisionum
912 1305 945 1371 in
969 1303 1077 1372 Aetna
1102 1307 1344 1373 occurrentium
1444 1330 1447 1335 ·

167 1412 318 1480 videatur
352 1413 453 1492 eflici;
491 1431 576 1497 quae
612 1430 664 1479 res
699 1419 734 1480 ut
769 1411 888 1478 melius
924 1413 1150 1498 perspiciatur,
1187 1412 1344 1478 columna

169 1520 274 1605 prima
299 1518 485 1605 expediam,
515 1525 598 1604 quot
626 1519 784 1585 elisiones
812 1520 895 1585 inter
919 1525 1051 1584 centum
1076 1536 1191 1584 versus
1216 1519 1343 1584 inveni-

169 1633 265 1693 antur
293 1627 326 1692 in
357 1626 463 1692 Aetna
480 1633 525 1692 'et
554 1624 645 1712 apud
676 1626 865 1711 complures
889 1625 974 1692 alios
998 1632 1126 1710 poetas,
1151 1625 1266 1691 ceteris
1291 1643 1345 1691 ex-

170 1753 306 1819 ponam,
329 1739 411 1818 quot
428 1740 484 1799 aut
500 1733 590 1799 leves
607 1739 663 1798 aut
680 1733 810 1800 mediae
828 1732 1017 1819 (verborum
1036 1733 1070 1799 in
1086 1770 1130 1779 —
1143 1751 1176 1798 rn
1190 1731 1345 1798 desinen-

169 1841 266 1927 tium)
288 1847 344 1907 aut
355 1858 472 1924 graves
485 1840 644 1906 elisiones
657 1845 712 1905 aut
725 1840 924 1924 aphaereses
937 1839 971 1904 in
986 1839 1135 1905 centenis
1148 1839 1346 1905 elisionibus

171 1948 333 2032 legantur.
379 1946 486 2012 Velim
512 1964 592 2030 ergo
617 1946 775 2031 inspicias
800 1947 862 2012 hos
887 1963 1064 2012 numeros:

175 2073 210 2138 ln
236 2072 385 2138 centenis
408 2091 460 2138 vv.
478 2071 645 2157 reperiun-
739 2071 823 2137 inter
845 2077 1003 2137 centenas
1027 2070 1185 2136 elisiones
1209 2075 1287 2136 sunt

251 2185 303 2245 tur
326 2178 484 2245 elisiones
508 2184 571 2244 tot:
686 2178 790 2244 leves:
814 2177 959 2244 mediae:
982 2195 1113 2262 graves:
1132 2178 1345 2262 aphaereses:

173 2284 529 2352 LucretiuslVl-lOO
546 2285 589 2351 40
703 2285 774 2363 60,1
851 2284 923 2364 14,4
1018 2283 1091 2364 l5,5
1202 2284 1242 2349 10

175 2391 324 2458 Catullus
341 2390 463 2477 (LXIV)
546 2391 590 2458 30
703 2392 745 2457 43
847 2391 890 2457 30
1018 2391 1057 2457 ll
1221 2391 1242 2457 5

173 2499 287 2566 Cicero
546 2498 588 2565 25
702 2499 745 2565 48
846 2497 923 2578 24,8
1017 2497 1090 2577 15‚7
1203 2497 1276 2576 ll,5

171 2605 337 2690 Vergilius
351 2605 475 2690 Georg.
489 2606 512 2672 ll
547 2607 584 2671 41
702 2606 778 2686 50,8
847 2605 891 2672 20
1015 2604 1056 2671 26
1221 2604 1275 2684 3,2

383 2712 511 2780 Aenlll
545 2712 588 2780 53
702 2712 744 2779 43
846 2712 922 2793 322
1014 2712 1112 2793 24,28
1221 2712 1298 2792 0,52

171 2817 313 2885 Ovidius
336 2818 444 2886 Meti
548 2820 624 2901 22,6
703 2820 779 2901 57,6
852 2819 924 2900 12,3
1039 2819 1088 2899 6,]
1201 2819 1243 2883 24

417 2926 446 2992 V
549 2926 625 3007 20,9
705 2928 781 3007 54,2
853 2926 926 3007 12,7
1039 2927 1093 3006 4,2
1201 2924 1277 3005 28,8

175 3033 335 3099 Manilius
348 3034 383 3101 Ill
399 3033 528 3101 1—500
551 3035 594 3101 34
708 3035 783 3116 60,5
852 3034 928 3115 205
1041 3035 1095 3115 7,6
1206 3034 1279 3113 11,4

175 3140 329 3206 Lucanus
353 3141 363 3206 l
391 3142 520 3208 1-500
554 3142 625 3222 13,2
706 3141 781 3221 71,2
854 3142 926 3223 15,2
1039 3143 1060 3208 0
1205 3140 1277 3219 13,6
1374 3180 1378 3187 ,

174 3245 280 3313 Aetna
550 3249 626 3328 38,4
706 3249 749 3315 55
854 3238 927 3328 ll,5
1040 3249 1094 3328 9,7
1203 3247 1279 3326 20,8

276 3353 343 3434 Qui
368 3356 482 3422 animo
507 3357 740 3441 ponderaverit
763 3357 827 3422 hos
851 3374 1020 3434 numeros,
1046 3373 1122 3421 eum
1149 3354 1281 3421 duabus
1306 3353 1347 3420 de

173 3461 283 3527 causis
315 3461 457 3528 Aetnam
492 3470 569 3548 post
592 3461 752 3530 Ovidium
787 3462 1009 3548 conscriptam
1044 3480 1117 3528 esse
1152 3460 1345 3528 crediderim

171 3568 392 3635 iudicaturum
418 3587 501 3636 esse.
549 3568 653 3650 Quod
677 3570 820 3655 primum
851 3570 932 3635 mihi
956 3569 1085 3636 videtur
1109 3566 1346 3635 coniciendum

171 3694 245 3741 esse
274 3694 315 3741 ex
345 3675 544 3742 elisionibus
572 3678 729 3761 gravibus
758 3675 923 3743 admissis.
975 3675 1099 3742 Nonne
1127 3674 1222 3742 vides
1252 3675 1347 3758 quasi
1389 3697 1393 3706 ·

172 3782 371 3848 incisionem
396 3782 467 3848 lieri
496 3791 573 3869 post
595 3784 789 3869 Vergilium,
821 3782 914 3869 quod
938 3784 1054 3849 attinet
1077 3781 1120 3849 ad
1145 3782 1231 3848 hanc
1256 3782 1348 3846 rem?

173 3888 257 3955 Cum
277 3890 446 3957 Lucretius
471 3909 546 3956 curn
565 3889 695 3958 Catullo
714 3890 875 3958 Cicerone
891 3890 1039 3976 Vergilio
1064 3907 1240 3956 numerum
1258 3888 1348 3955 haud

278 4086 301 4154 1)
321 4084 393 4138 Loci
425 4085 455 4137 hi
482 4088 565 4139 sunt:
592 4084 678 4139 Luor.
710 4085 771 4153 244,
800 4086 860 4152 287,
889 4078 1036 4153 384,“626,
1057 4085 1124 4150 641;
1149 4082 1348 4150 cat.20,115‚

172 4173 231 4239 141,
256 4174 315 4238 252,
341 4172 402 4239 319,
430 4173 497 4238 406;
525 4172 603 4227 Man.
630 4173 690 4239 142,
715 4174 775 4240 149,
795 4175 854 4241 175,
874 4175 945 4241 319,
960 4176 1022 4243 354,
1041 4175 1108 4239 598;
1132 4174 1228 4229 Aetna
1248 4191 1276 4227 v.
1296 4172 1348 4226 472

171 4265 235 4320 irinc
262 4265 412 4328 indefessam
431 4266 542 4322 aulaelot
561 4261 652 4334 (quod
677 4265 861 4318 coniecturae
885 4264 964 4317 haud
986 4265 1079 4319 malae
1103 4264 1195 4318 Ellisii
1218 4261 1348 4329 debetur,

172 4369 238 4406 oum
267 4351 382 4408 codices
409 4354 583 4424 praebeant:
611 4355 675 4411 hino
700 4355 825 4418 desanaus
844 4355 899 4416 (hio
917 4355 1035 4423 defossam
1053 4371 1067 4406 r
1085 4352 1151 4422 Ar);
1170 4370 1198 4405 v.
1212 4351 1350 4408 539311ιὶ1

171 4444 356 4516 insuperabile
378 4447 457 4516 piperi
477 4443 632 4515 (Scaligerz
652 4446 685 4500 ab
704 4445 773 4514 ipati)
795 4472 824 4482 -—
848 4441 929 4509 Quae
949 4443 1087 4497 asterisco
1107 4441 1215 4507 notavi,
1236 4456 1273 4495 ex
1289 4424 1398 4525 ffis'tu·

172 4535 330 4589 sectatione
349 4533 398 4588 illa
418 4534 459 4606 (p.
474 4533 508 4589 38
527 4538 601 4606 sqq.)
620 4533 712 4588 hausi.
1177 4530 1179 4535 ’
1291 4516 1296 4531 ”
