<?xml version="1.0" encoding="UTF-8"?>
<!DOCTYPE html PUBLIC "-//W3C//DTD XHTML 1.0 Transitional//EN"
    "http://www.w3.org/TR/xhtml1/DTD/xhtml1-transitional.dtd">
<html xmlns="http://www.w3.org/1999/xhtml" xml:lang="en" lang="en">
 <head>
  <title>
</title>
<meta http-equiv="Content-Type" content="text/html;charset=utf-8" />
  <meta name='ocr-system' content='tesseract 3.04.00' />
  <meta name='ocr-capabilities' content='ocr_page ocr_carea ocr_par ocr_line ocrx_word'/>
</head>
<body>
  <div class='ocr_page' id='page_1' title='image "./deaetnaeaetate00cathgoog_0019.png"; bbox 0 0 3022 5024; ppageno 0'>
   <div class='ocr_carea' id='block_1_1' title="bbox 656 332 917 400">
    <p class='ocr_par' dir='ltr' id='par_1_1' title="bbox 656 332 917 400">
     <span class='ocr_line' id='line_1_1' title="bbox 656 332 917 400; baseline -0.004 0"><span class='ocrx_word' id='word_1_1' title='bbox 656 332 917 400; x_wconf 32' lang='lat'>-121-‘</span> 
     </span>
    </p>
   </div>
   <div class='ocr_carea' id='block_1_2' title="bbox 151 545 1353 632">
    <p class='ocr_par' dir='ltr' id='par_1_2' title="bbox 151 545 1353 632">
     <span class='ocr_line' id='line_1_2' title="bbox 151 545 1353 632; baseline 0 -18"><span class='ocrx_word' id='word_1_2' title='bbox 151 578 154 583; x_wconf 96' lang='lat'>·</span> <span class='ocrx_word' id='word_1_3' title='bbox 180 546 412 632; x_wconf 90' lang='lat' dir='ltr'>quaestionem</span> <span class='ocrx_word' id='word_1_4' title='bbox 437 553 584 615; x_wconf 91' lang='lat' dir='ltr'>nostram</span> <span class='ocrx_word' id='word_1_5' title='bbox 603 565 672 613; x_wconf 94' lang='lat' dir='ltr'>non</span> <span class='ocrx_word' id='word_1_6' title='bbox 690 545 852 631; x_wconf 91' lang='lat' dir='ltr'>pertinere</span> <span class='ocrx_word' id='word_1_7' title='bbox 869 562 1003 626; x_wconf 89' lang='lat' dir='ltr'>censeo,</span> <span class='ocrx_word' id='word_1_8' title='bbox 1031 545 1125 631; x_wconf 92' lang='lat' dir='ltr'>quod</span> <span class='ocrx_word' id='word_1_9' title='bbox 1142 547 1225 614; x_wconf 91' lang='lat' dir='ltr'>intra</span> <span class='ocrx_word' id='word_1_10' title='bbox 1241 564 1353 615; x_wconf 89' lang='lat' dir='ltr'>annos</span> 
     </span>
    </p>
   </div>
   <div class='ocr_carea' id='block_1_3' title="bbox 121 650 1352 740">
    <p class='ocr_par' dir='ltr' id='par_1_3' title="bbox 121 650 1352 740">
     <span class='ocr_line' id='line_1_3' title="bbox 121 650 1352 740; baseline 0.002 -21"><span class='ocrx_word' id='word_1_11' title='bbox 121 664 123 669; x_wconf 84' lang='grc'><strong><em>·</em></strong></span> <span class='ocrx_word' id='word_1_12' title='bbox 179 653 232 720; x_wconf 85' lang='grc'>32.</span> <span class='ocrx_word' id='word_1_13' title='bbox 258 673 286 720; x_wconf 90' lang='lat' dir='ltr'>a.</span> <span class='ocrx_word' id='word_1_14' title='bbox 313 653 387 721; x_wconf 82' lang='lat' dir='ltr'>Chr.</span> <span class='ocrx_word' id='word_1_15' title='bbox 407 674 438 720; x_wconf 92' lang='lat' dir='ltr'>n.</span> <span class='ocrx_word' id='word_1_16' title='bbox 456 661 488 720; x_wconf 92' lang='lat' dir='ltr'>et</span> <span class='ocrx_word' id='word_1_17' title='bbox 504 653 579 719; x_wconf 81' lang='lat'><strong>252.</strong></span> <span class='ocrx_word' id='word_1_18' title='bbox 604 672 636 738; x_wconf 91' lang='lat' dir='ltr'>p.</span> <span class='ocrx_word' id='word_1_19' title='bbox 662 651 737 718; x_wconf 84' lang='lat' dir='ltr'>Chr.</span> <span class='ocrx_word' id='word_1_20' title='bbox 763 672 794 718; x_wconf 93' lang='lat' dir='ltr'>n.</span> <span class='ocrx_word' id='word_1_21' title='bbox 819 650 1043 719; x_wconf 75' lang='lat' dir='ltr'>Aetnaeorum</span> <span class='ocrx_word' id='word_1_22' title='bbox 1069 653 1197 739; x_wconf 83' lang='lat' dir='ltr'>ignium</span> <span class='ocrx_word' id='word_1_23' title='bbox 1223 655 1352 740; x_wconf 91' lang='lat' dir='ltr'>eruptio</span> 
     </span>
    </p>
   </div>
   <div class='ocr_carea' id='block_1_4' title="bbox 94 4676 143 4712">
    <p class='ocr_par' dir='ltr' id='par_1_4' title="bbox 94 4676 143 4712">
     <span class='ocr_line' id='line_1_4' title="bbox 94 4676 143 4712; baseline 0 0"><span class='ocrx_word' id='word_1_24' title='bbox 94 4676 143 4712; x_wconf 66' lang='grc' dir='ltr'>Ιι</span> 
     </span>
    </p>
   </div>
   <div class='ocr_carea' id='block_1_5' title="bbox 179 759 1354 1378">
    <p class='ocr_par' dir='ltr' id='par_1_5' title="bbox 179 759 1354 1378">
     <span class='ocr_line' id='line_1_5' title="bbox 180 759 729 828; baseline -0.005 -1"><span class='ocrx_word' id='word_1_25' title='bbox 180 761 286 828; x_wconf 91' lang='lat' dir='ltr'>maior</span> <span class='ocrx_word' id='word_1_26' title='bbox 310 779 381 828; x_wconf 95' lang='lat' dir='ltr'>non</span> <span class='ocrx_word' id='word_1_27' title='bbox 404 760 536 828; x_wconf 90' lang='lat' dir='ltr'>videtur</span> <span class='ocrx_word' id='word_1_28' title='bbox 558 759 729 827; x_wconf 89' lang='lat' dir='ltr'>accidisse.</span> 
     </span>
     <span class='ocr_line' id='line_1_6' title="bbox 286 866 1352 952; baseline 0.003 -20"><span class='ocrx_word' id='word_1_29' title='bbox 286 866 353 932; x_wconf 92' lang='lat' dir='ltr'>lam</span> <span class='ocrx_word' id='word_1_30' title='bbox 390 866 527 933; x_wconf 91' lang='lat' dir='ltr'>alterum</span> <span class='ocrx_word' id='word_1_31' title='bbox 568 872 603 932; x_wconf 93' lang='lat' dir='ltr'>ut</span> <span class='ocrx_word' id='word_1_32' title='bbox 640 866 818 932; x_wconf 91' lang='lat' dir='ltr'>terminum</span> <span class='ocrx_word' id='word_1_33' title='bbox 855 873 931 933; x_wconf 92' lang='lat' dir='ltr'>ante</span> <span class='ocrx_word' id='word_1_34' title='bbox 966 885 1078 952; x_wconf 91' lang='lat' dir='ltr'>quem,</span> <span class='ocrx_word' id='word_1_35' title='bbox 1114 867 1172 951; x_wconf 89' lang='lat' dir='ltr'>qui</span> <span class='ocrx_word' id='word_1_36' title='bbox 1206 875 1352 949; x_wconf 90' lang='lat' dir='ltr'>vocatur,</span> 
     </span>
     <span class='ocr_line' id='line_1_7' title="bbox 180 971 1354 1059; baseline 0.002 -20"><span class='ocrx_word' id='word_1_37' title='bbox 180 975 403 1052; x_wconf 83' lang='lat' dir='ltr'><strong>constitueret,</strong></span> <span class='ocrx_word' id='word_1_38' title='bbox 433 971 590 1057; x_wconf 87' lang='lat' dir='ltr'>Alzinger</span> <span class='ocrx_word' id='word_1_39' title='bbox 616 971 726 1059; x_wconf 86' lang='lat' dir='ltr'>(Stud.</span> <span class='ocrx_word' id='word_1_40' title='bbox 752 973 786 1039; x_wconf 94' lang='lat' dir='ltr'>in</span> <span class='ocrx_word' id='word_1_41' title='bbox 818 971 914 1040; x_wconf 91' lang='lat' dir='ltr'>Aetn.</span> <span class='ocrx_word' id='word_1_42' title='bbox 940 973 1014 1041; x_wconf 91' lang='lat' dir='ltr'>coll.</span> <span class='ocrx_word' id='word_1_43' title='bbox 1043 991 1075 1058; x_wconf 92' lang='lat' dir='ltr'>p.</span> <span class='ocrx_word' id='word_1_44' title='bbox 1100 973 1157 1059; x_wconf 85' lang='grc'>44)</span> <span class='ocrx_word' id='word_1_45' title='bbox 1186 974 1354 1059; x_wconf 88' lang='lat' dir='ltr'>proiectus</span> 
     </span>
     <span class='ocr_line' id='line_1_8' title="bbox 179 1078 717 1166; baseline 0.004 -21"><span class='ocrx_word' id='word_1_46' title='bbox 179 1087 229 1147; x_wconf 92' lang='lat' dir='ltr'>est</span> <span class='ocrx_word' id='word_1_47' title='bbox 254 1080 295 1146; x_wconf 92' lang='lat' dir='ltr'>de</span> <span class='ocrx_word' id='word_1_48' title='bbox 318 1078 445 1147; x_wconf 78' lang='lat' dir='ltr'>Aetnae</span> <span class='ocrx_word' id='word_1_49' title='bbox 468 1101 498 1146; x_wconf 90' lang='lat' dir='ltr'>v.</span> <span class='ocrx_word' id='word_1_50' title='bbox 524 1079 584 1146; x_wconf 81' lang='grc'>431</span> <span class='ocrx_word' id='word_1_51' title='bbox 613 1087 645 1147; x_wconf 92' lang='lat' dir='ltr'>et</span> <span class='ocrx_word' id='word_1_52' title='bbox 668 1098 717 1166; x_wconf 92' lang='lat' dir='ltr'>sq.</span> 
     </span>
     <span class='ocr_line' id='line_1_9' title="bbox 760 1185 1035 1269; baseline -0.007 -17"><span class='ocrx_word' id='word_1_53' title='bbox 760 1185 925 1269; x_wconf 71' lang='lat' dir='ltr'>Neapolita</span> <span class='ocrx_word' id='word_1_54' title='bbox 948 1185 1035 1252; x_wconf 80' lang='lat' dir='ltr'>iuter</span> 
     </span>
     <span class='ocr_line' id='line_1_10' title="bbox 324 1291 1218 1378; baseline 0.003 -20"><span class='ocrx_word' id='word_1_55' title='bbox 324 1298 355 1358; x_wconf 81' lang='lat' dir='ltr'>et</span> <span class='ocrx_word' id='word_1_56' title='bbox 377 1291 498 1359; x_wconf 78' lang='lat' dir='ltr'>Curuus</span> <span class='ocrx_word' id='word_1_57' title='bbox 521 1295 611 1359; x_wconf 83' lang='lat' dir='ltr'>locus</span> <span class='ocrx_word' id='word_1_58' title='bbox 635 1298 690 1376; x_wconf 81' lang='lat' dir='ltr'>esi,</span> <span class='ocrx_word' id='word_1_59' title='bbox 716 1294 829 1359; x_wconf 80' lang='lat' dir='ltr'>multis</span> <span class='ocrx_word' id='word_1_60' title='bbox 852 1294 918 1360; x_wconf 80' lang='lat' dir='ltr'>iuru</span> <span class='ocrx_word' id='word_1_61' title='bbox 941 1293 1087 1378; x_wconf 78' lang='lat' dir='ltr'>fripiaus</span> <span class='ocrx_word' id='word_1_62' title='bbox 1110 1294 1218 1361; x_wconf 63' lang='lat' dir='ltr'>uuum.</span> 
     </span>
    </p>
   </div>
   <div class='ocr_carea' id='block_1_6' title="bbox 178 1418 1355 3963">
    <p class='ocr_par' dir='ltr' id='par_1_6' title="bbox 178 1418 1355 3425">
     <span class='ocr_line' id='line_1_11' title="bbox 287 1418 1353 1505; baseline 0.003 -21"><span class='ocrx_word' id='word_1_63' title='bbox 287 1418 384 1500; x_wconf 85' lang='lat' dir='ltr'>Quae</span> <span class='ocrx_word' id='word_1_64' title='bbox 407 1420 507 1485; x_wconf 87' lang='lat' dir='ltr'>verba</span> <span class='ocrx_word' id='word_1_65' title='bbox 533 1426 662 1504; x_wconf 91' lang='lat' dir='ltr'>posta.</span> <span class='ocrx_word' id='word_1_66' title='bbox 687 1418 740 1486; x_wconf 88' lang='grc'>63.</span> <span class='ocrx_word' id='word_1_67' title='bbox 765 1420 885 1505; x_wconf 88' lang='lat' dir='ltr'>scripta</span> <span class='ocrx_word' id='word_1_68' title='bbox 910 1438 983 1487; x_wconf 94' lang='lat' dir='ltr'>esse</span> <span class='ocrx_word' id='word_1_69' title='bbox 1009 1438 1078 1487; x_wconf 94' lang='lat' dir='ltr'>non</span> <span class='ocrx_word' id='word_1_70' title='bbox 1103 1436 1205 1505; x_wconf 92' lang='lat' dir='ltr'>posse</span> <span class='ocrx_word' id='word_1_71' title='bbox 1228 1420 1277 1487; x_wconf 85' lang='lat' dir='ltr'>vir</span> <span class='ocrx_word' id='word_1_72' title='bbox 1299 1420 1353 1487; x_wconf 92' lang='lat' dir='ltr'>ille</span> 
     </span>
     <span class='ocr_line' id='line_1_12' title="bbox 179 1524 1353 1616; baseline 0 -23"><span class='ocrx_word' id='word_1_73' title='bbox 179 1526 299 1593; x_wconf 89' lang='lat' dir='ltr'>doctus</span> <span class='ocrx_word' id='word_1_74' title='bbox 332 1524 524 1606; x_wconf 87' lang='lat' dir='ltr'>condendit,</span> <span class='ocrx_word' id='word_1_75' title='bbox 561 1545 637 1593; x_wconf 93' lang='lat' dir='ltr'>cum</span> <span class='ocrx_word' id='word_1_76' title='bbox 671 1527 727 1593; x_wconf 92' lang='lat' dir='ltr'>illo</span> <span class='ocrx_word' id='word_1_77' title='bbox 761 1545 852 1594; x_wconf 92' lang='lat' dir='ltr'>anno</span> <span class='ocrx_word' id='word_1_78' title='bbox 884 1533 987 1593; x_wconf 93' lang='lat' dir='ltr'>terrae</span> <span class='ocrx_word' id='word_1_79' title='bbox 1020 1534 1150 1616; x_wconf 90' lang='lat' dir='ltr'>motum</span> <span class='ocrx_word' id='word_1_80' title='bbox 1181 1527 1226 1593; x_wconf 92' lang='lat' dir='ltr'>ibi</span> <span class='ocrx_word' id='word_1_81' title='bbox 1250 1527 1353 1593; x_wconf 85' lang='lat' dir='ltr'>fuisse</span> 
     </span>
     <span class='ocr_line' id='line_1_13' title="bbox 179 1631 1354 1720; baseline -0.001 -21"><span class='ocrx_word' id='word_1_82' title='bbox 179 1631 307 1699; x_wconf 86' lang='lat' dir='ltr'>Seneca</span> <span class='ocrx_word' id='word_1_83' title='bbox 333 1634 384 1699; x_wconf 91' lang='lat' dir='ltr'>his</span> <span class='ocrx_word' id='word_1_84' title='bbox 407 1633 516 1700; x_wconf 90' lang='lat' dir='ltr'>verbis</span> <span class='ocrx_word' id='word_1_85' title='bbox 540 1633 594 1720; x_wconf 84' lang='lat' dir='ltr'>(N.</span> <span class='ocrx_word' id='word_1_86' title='bbox 610 1632 675 1714; x_wconf 92' lang='lat' dir='ltr'>Qu.</span> <span class='ocrx_word' id='word_1_87' title='bbox 688 1633 729 1699; x_wconf 89' lang='lat' dir='ltr'>VI</span> <span class='ocrx_word' id='word_1_88' title='bbox 746 1634 821 1720; x_wconf 82' lang='lat'>1,2)</span> <span class='ocrx_word' id='word_1_89' title='bbox 845 1640 994 1701; x_wconf 81' lang='lat' dir='ltr'>testetur:</span> <span class='ocrx_word' id='word_1_90' title='bbox 1027 1632 1136 1713; x_wconf 85' lang='lat' dir='ltr'>Nouis</span> <span class='ocrx_word' id='word_1_91' title='bbox 1157 1633 1354 1699; x_wconf 77' lang='lat' dir='ltr'>Februariis</span> 
     </span>
     <span class='ocr_line' id='line_1_14' title="bbox 179 1725 1354 1823; baseline 0 -20"><span class='ocrx_word' id='word_1_92' title='bbox 179 1737 230 1803; x_wconf 77' lang='lat' dir='ltr'>iu&#39;a</span> <span class='ocrx_word' id='word_1_93' title='bbox 253 1738 321 1822; x_wconf 79' lang='lat' dir='ltr'>fuit</span> <span class='ocrx_word' id='word_1_94' title='bbox 343 1743 448 1804; x_wconf 81' lang='lat' dir='ltr'>uuus</span> <span class='ocrx_word' id='word_1_95' title='bbox 470 1739 598 1823; x_wconf 78' lang='lat' dir='ltr'>Repulo</span> <span class='ocrx_word' id='word_1_96' title='bbox 622 1744 653 1805; x_wconf 81' lang='lat' dir='ltr'>ei</span> <span class='ocrx_word' id='word_1_97' title='bbox 666 1725 817 1823; x_wconf 70' lang='lat' dir='ltr'>Vespiut&#39;o</span> <span class='ocrx_word' id='word_1_98' title='bbox 841 1739 1038 1822; x_wconf 73' lang='lat' dir='ltr'>consulibua,</span> <span class='ocrx_word' id='word_1_99' title='bbox 1063 1738 1121 1822; x_wconf 77' lang='lat' dir='ltr'>qui</span> <span class='ocrx_word' id='word_1_100' title='bbox 1137 1738 1354 1822; x_wconf 72' lang='lat' dir='ltr'>Campaniam</span> 
     </span>
     <span class='ocr_line' id='line_1_15' title="bbox 179 1844 1355 1930; baseline 0 -20"><span class='ocrx_word' id='word_1_101' title='bbox 179 1867 349 1929; x_wconf 79' lang='lat' dir='ltr'>uunquam</span> <span class='ocrx_word' id='word_1_102' title='bbox 365 1866 513 1911; x_wconf 79' lang='lat' dir='ltr'>scaurum</span> <span class='ocrx_word' id='word_1_103' title='bbox 531 1844 632 1911; x_wconf 79' lang='lat' dir='ltr'>huius</span> <span class='ocrx_word' id='word_1_104' title='bbox 647 1845 728 1911; x_wconf 78' lang='lat' dir='ltr'>muli</span> <span class='ocrx_word' id='word_1_105' title='bbox 748 1867 868 1930; x_wconf 79' lang='lat' dir='ltr'>mapuu</span> <span class='ocrx_word' id='word_1_106' title='bbox 884 1850 992 1930; x_wconf 78' lang='lat' dir='ltr'>strupo</span> <span class='ocrx_word' id='word_1_107' title='bbox 1008 1846 1157 1920; x_wconf 76' lang='lat' dir='ltr'>uastauit.</span> <span class='ocrx_word' id='word_1_108' title='bbox 1196 1845 1355 1928; x_wconf 78' lang='lat' dir='ltr'>Neapolis</span> 
     </span>
     <span class='ocr_line' id='line_1_16' title="bbox 179 1951 1354 2035; baseline 0.003 -19"><span class='ocrx_word' id='word_1_109' title='bbox 179 1973 304 2035; x_wconf 79' lang='lat' dir='ltr'>quoque</span> <span class='ocrx_word' id='word_1_110' title='bbox 330 1951 491 2035; x_wconf 78' lang='lat' dir='ltr'>priuatim</span> <span class='ocrx_word' id='word_1_111' title='bbox 525 1953 639 2035; x_wconf 80' lang='lat' dir='ltr'>muita,</span> <span class='ocrx_word' id='word_1_112' title='bbox 670 1953 803 2035; x_wconf 80' lang='lat' dir='ltr'>publice</span> <span class='ocrx_word' id='word_1_113' title='bbox 836 1953 923 2018; x_wconf 69' lang='lat' dir='ltr'>aiau</span> <span class='ocrx_word' id='word_1_114' title='bbox 957 1953 1076 2019; x_wconf 81' lang='lat' dir='ltr'>amisit.</span> <span class='ocrx_word' id='word_1_115' title='bbox 1123 1952 1193 2021; x_wconf 84' lang='lat' dir='ltr'>Sed</span> <span class='ocrx_word' id='word_1_116' title='bbox 1220 1954 1354 2020; x_wconf 84' lang='lat' dir='ltr'>interest</span> 
     </span>
     <span class='ocr_line' id='line_1_17' title="bbox 180 2059 1354 2145; baseline 0 -20"><span class='ocrx_word' id='word_1_117' title='bbox 180 2060 263 2126; x_wconf 92' lang='lat' dir='ltr'>inter</span> <span class='ocrx_word' id='word_1_118' title='bbox 287 2060 416 2144; x_wconf 87' lang='lat' dir='ltr'>ignium</span> <span class='ocrx_word' id='word_1_119' title='bbox 442 2059 663 2143; x_wconf 85' lang='lat' dir='ltr'>eruptionem,</span> <span class='ocrx_word' id='word_1_120' title='bbox 693 2059 735 2126; x_wconf 91' lang='lat' dir='ltr'>de</span> <span class='ocrx_word' id='word_1_121' title='bbox 759 2079 824 2145; x_wconf 91' lang='lat' dir='ltr'>qua</span> <span class='ocrx_word' id='word_1_122' title='bbox 847 2059 974 2127; x_wconf 79' lang='lat' dir='ltr'>Aetnae</span> <span class='ocrx_word' id='word_1_123' title='bbox 999 2067 1114 2127; x_wconf 90' lang='lat' dir='ltr'>auctor</span> <span class='ocrx_word' id='word_1_124' title='bbox 1136 2061 1291 2145; x_wconf 92' lang='lat' dir='ltr'>loquitur,</span> <span class='ocrx_word' id='word_1_125' title='bbox 1321 2066 1354 2126; x_wconf 92' lang='lat' dir='ltr'>et</span> 
     </span>
     <span class='ocr_line' id='line_1_18' title="bbox 180 2165 1352 2252; baseline 0 -20"><span class='ocrx_word' id='word_1_126' title='bbox 180 2173 308 2233; x_wconf 94' lang='lat' dir='ltr'>motum</span> <span class='ocrx_word' id='word_1_127' title='bbox 320 2172 440 2244; x_wconf 92' lang='lat' dir='ltr'>terrae;</span> <span class='ocrx_word' id='word_1_128' title='bbox 451 2165 514 2232; x_wconf 93' lang='lat' dir='ltr'>soli</span> <span class='ocrx_word' id='word_1_129' title='bbox 528 2166 664 2251; x_wconf 92' lang='lat' dir='ltr'>quidem</span> <span class='ocrx_word' id='word_1_130' title='bbox 677 2167 959 2235; x_wconf 83' lang='lat' dir='ltr'>concussionibus</span> <span class='ocrx_word' id='word_1_131' title='bbox 970 2165 1189 2252; x_wconf 84' lang='lat' dir='ltr'>Campaniam</span> <span class='ocrx_word' id='word_1_132' title='bbox 1201 2172 1352 2233; x_wconf 86' lang='lat' dir='ltr'>vexatam</span> 
     </span>
     <span class='ocr_line' id='line_1_19' title="bbox 179 2272 1353 2359; baseline 0.002 -23"><span class='ocrx_word' id='word_1_133' title='bbox 179 2272 282 2339; x_wconf 83' lang='lat' dir='ltr'>fuisse</span> <span class='ocrx_word' id='word_1_134' title='bbox 296 2290 406 2357; x_wconf 92' lang='lat' dir='ltr'>neque</span> <span class='ocrx_word' id='word_1_135' title='bbox 420 2272 504 2339; x_wconf 90' lang='lat' dir='ltr'>alius</span> <span class='ocrx_word' id='word_1_136' title='bbox 516 2291 623 2340; x_wconf 90' lang='lat' dir='ltr'>rerum</span> <span class='ocrx_word' id='word_1_137' title='bbox 639 2292 749 2359; x_wconf 88' lang='lat' dir='ltr'>neque</span> <span class='ocrx_word' id='word_1_138' title='bbox 762 2272 890 2340; x_wconf 87' lang='lat' dir='ltr'>Aetnae</span> <span class='ocrx_word' id='word_1_139' title='bbox 903 2275 1042 2359; x_wconf 89' lang='lat' dir='ltr'>scriptor</span> <span class='ocrx_word' id='word_1_140' title='bbox 1055 2279 1165 2359; x_wconf 87' lang='lat' dir='ltr'>negat.</span> <span class='ocrx_word' id='word_1_141' title='bbox 1182 2273 1353 2351; x_wconf 85' lang='lat' dir='ltr'>Praeterea</span> 
     </span>
     <span class='ocr_line' id='line_1_20' title="bbox 179 2370 1353 2465; baseline 0.001 -20"><span class='ocrx_word' id='word_1_142' title='bbox 179 2379 242 2445; x_wconf 91' lang='lat' dir='ltr'>alia</span> <span class='ocrx_word' id='word_1_143' title='bbox 267 2370 334 2446; x_wconf 86' lang='lat' dir='ltr'>erat</span> <span class='ocrx_word' id='word_1_144' title='bbox 358 2379 445 2446; x_wconf 90' lang='lat' dir='ltr'>illius</span> <span class='ocrx_word' id='word_1_145' title='bbox 469 2387 581 2447; x_wconf 92' lang='lat' dir='ltr'>motus</span> <span class='ocrx_word' id='word_1_146' title='bbox 598 2381 701 2465; x_wconf 87' lang='lat' dir='ltr'>regio,</span> <span class='ocrx_word' id='word_1_147' title='bbox 726 2380 783 2465; x_wconf 92' lang='lat' dir='ltr'>qui</span> <span class='ocrx_word' id='word_1_148' title='bbox 801 2380 963 2464; x_wconf 90' lang='lat' dir='ltr'>imprimis</span> <span class='ocrx_word' id='word_1_149' title='bbox 980 2381 1063 2446; x_wconf 91' lang='lat' dir='ltr'>circa</span> <span class='ocrx_word' id='word_1_150' title='bbox 1075 2379 1256 2447; x_wconf 87' lang='lat' dir='ltr'>Vesuvium</span> <span class='ocrx_word' id='word_1_151' title='bbox 1275 2379 1353 2446; x_wconf 91' lang='lat' dir='ltr'>inde</span> 
     </span>
     <span class='ocr_line' id='line_1_21' title="bbox 180 2485 1353 2572; baseline 0 -20"><span class='ocrx_word' id='word_1_152' title='bbox 180 2505 198 2552; x_wconf 91' lang='lat' dir='ltr'>a</span> <span class='ocrx_word' id='word_1_153' title='bbox 233 2485 375 2553; x_wconf 88' lang='lat' dir='ltr'>Nuceria</span> <span class='ocrx_word' id='word_1_154' title='bbox 410 2486 453 2553; x_wconf 90' lang='lat' dir='ltr'>ad</span> <span class='ocrx_word' id='word_1_155' title='bbox 488 2487 750 2572; x_wconf 91' lang='lat' dir='ltr'>septentrionem</span> <span class='ocrx_word' id='word_1_156' title='bbox 786 2486 892 2553; x_wconf 87' lang='lat' dir='ltr'>iactus</span> <span class='ocrx_word' id='word_1_157' title='bbox 927 2486 1117 2571; x_wconf 90' lang='lat' dir='ltr'>Neapolim,</span> <span class='ocrx_word' id='word_1_158' title='bbox 1153 2492 1189 2552; x_wconf 93' lang='lat' dir='ltr'>ut</span> <span class='ocrx_word' id='word_1_159' title='bbox 1224 2485 1353 2553; x_wconf 83' lang='lat' dir='ltr'>Seneca</span> 
     </span>
     <span class='ocr_line' id='line_1_22' title="bbox 180 2591 1353 2678; baseline 0 -20"><span class='ocrx_word' id='word_1_160' title='bbox 180 2593 251 2678; x_wconf 91' lang='lat' dir='ltr'>ipse</span> <span class='ocrx_word' id='word_1_161' title='bbox 276 2593 456 2678; x_wconf 83' lang='lat' dir='ltr'>profitetur,</span> <span class='ocrx_word' id='word_1_162' title='bbox 482 2591 597 2656; x_wconf 78' lang='lat' dir='ltr'>leuiter</span> <span class='ocrx_word' id='word_1_163' title='bbox 620 2593 815 2678; x_wconf 88' lang='lat' dir='ltr'>perstrinxit,</span> <span class='ocrx_word' id='word_1_164' title='bbox 840 2593 884 2659; x_wconf 91' lang='lat' dir='ltr'>ita</span> <span class='ocrx_word' id='word_1_165' title='bbox 908 2598 943 2658; x_wconf 93' lang='lat' dir='ltr'>ut</span> <span class='ocrx_word' id='word_1_166' title='bbox 966 2593 1020 2658; x_wconf 93' lang='lat' dir='ltr'>hic</span> <span class='ocrx_word' id='word_1_167' title='bbox 1037 2593 1109 2658; x_wconf 90' lang='lat' dir='ltr'>eius</span> <span class='ocrx_word' id='word_1_168' title='bbox 1130 2592 1233 2658; x_wconf 88' lang='lat' dir='ltr'>iinem</span> <span class='ocrx_word' id='word_1_169' title='bbox 1250 2593 1353 2659; x_wconf 85' lang='lat' dir='ltr'>fuisse</span> 
     </span>
     <span class='ocr_line' id='line_1_23' title="bbox 180 2698 1353 2785; baseline -0.002 -19"><span class='ocrx_word' id='word_1_170' title='bbox 180 2700 331 2766; x_wconf 90' lang='lat' dir='ltr'>conicere</span> <span class='ocrx_word' id='word_1_171' title='bbox 364 2701 468 2766; x_wconf 91' lang='lat' dir='ltr'>liceat.</span> <span class='ocrx_word' id='word_1_172' title='bbox 516 2699 625 2765; x_wconf 91' lang='lat' dir='ltr'>Locus</span> <span class='ocrx_word' id='word_1_173' title='bbox 658 2705 779 2780; x_wconf 89' lang='lat' dir='ltr'>autem,</span> <span class='ocrx_word' id='word_1_174' title='bbox 815 2718 916 2785; x_wconf 91' lang='lat' dir='ltr'>quem</span> <span class='ocrx_word' id='word_1_175' title='bbox 950 2698 1077 2766; x_wconf 87' lang='lat' dir='ltr'>Aetnae</span> <span class='ocrx_word' id='word_1_176' title='bbox 1113 2706 1227 2766; x_wconf 87' lang='lat' dir='ltr'>auctor</span> <span class='ocrx_word' id='word_1_177' title='bbox 1250 2700 1353 2784; x_wconf 86' lang='lat' dir='ltr'>signi-</span> 
     </span>
     <span class='ocr_line' id='line_1_24' title="bbox 178 2805 1352 2891; baseline -0.001 -19"><span class='ocrx_word' id='word_1_178' title='bbox 178 2807 277 2873; x_wconf 84' lang='lat' dir='ltr'>ficare</span> <span class='ocrx_word' id='word_1_179' title='bbox 300 2806 415 2885; x_wconf 91' lang='lat' dir='ltr'>voluit,</span> <span class='ocrx_word' id='word_1_180' title='bbox 432 2806 572 2872; x_wconf 92' lang='lat' dir='ltr'>Vulcani</span> <span class='ocrx_word' id='word_1_181' title='bbox 597 2812 647 2872; x_wconf 91' lang='lat' dir='ltr'>est</span> <span class='ocrx_word' id='word_1_182' title='bbox 669 2805 789 2886; x_wconf 87' lang='lat' dir='ltr'>iorum,</span> <span class='ocrx_word' id='word_1_183' title='bbox 814 2807 907 2891; x_wconf 92' lang='lat' dir='ltr'>quod</span> <span class='ocrx_word' id='word_1_184' title='bbox 930 2813 1000 2873; x_wconf 90' lang='lat' dir='ltr'>tum</span> <span class='ocrx_word' id='word_1_185' title='bbox 1017 2813 1173 2873; x_wconf 91' lang='lat' dir='ltr'>vocatum</span> <span class='ocrx_word' id='word_1_186' title='bbox 1191 2814 1251 2886; x_wconf 91' lang='lat' dir='ltr'>est,</span> <span class='ocrx_word' id='word_1_187' title='bbox 1276 2824 1352 2872; x_wconf 90' lang='lat' dir='ltr'>cum</span> 
     </span>
     <span class='ocr_line' id='line_1_25' title="bbox 180 2908 1353 2998; baseline -0.003 -19"><span class='ocrx_word' id='word_1_188' title='bbox 180 2913 282 2979; x_wconf 87' lang='lat' dir='ltr'>hodie</span> <span class='ocrx_word' id='word_1_189' title='bbox 315 2910 513 2990; x_wconf 83' lang='lat' dir='ltr'>,Soliatara“</span> <span class='ocrx_word' id='word_1_190' title='bbox 546 2912 743 2997; x_wconf 91' lang='lat' dir='ltr'>appelletur;</span> <span class='ocrx_word' id='word_1_191' title='bbox 778 2912 894 2979; x_wconf 85' lang='lat' dir='ltr'>Cumis</span> <span class='ocrx_word' id='word_1_192' title='bbox 925 2920 1035 2980; x_wconf 89' lang='lat' dir='ltr'>autem</span> <span class='ocrx_word' id='word_1_193' title='bbox 1068 2914 1150 2980; x_wconf 90' lang='lat' dir='ltr'>haec</span> <span class='ocrx_word' id='word_1_194' title='bbox 1179 2908 1353 2998; x_wconf 79' lang='grc' dir='ltr'>Ἡφαίστου</span> 
     </span>
     <span class='ocr_line' id='line_1_26' title="bbox 180 3017 1354 3105; baseline 0 -21"><span class='ocrx_word' id='word_1_195' title='bbox 180 3020 284 3105; x_wconf 83' lang='grc' dir='ltr'>ἀγορά</span> <span class='ocrx_word' id='word_1_196' title='bbox 313 3019 449 3104; x_wconf 93' lang='lat' dir='ltr'>propior</span> <span class='ocrx_word' id='word_1_197' title='bbox 479 3025 529 3085; x_wconf 91' lang='lat' dir='ltr'>est</span> <span class='ocrx_word' id='word_1_198' title='bbox 560 3036 661 3102; x_wconf 89' lang='lat' dir='ltr'>quam</span> <span class='ocrx_word' id='word_1_199' title='bbox 690 3017 879 3105; x_wconf 84' lang='lat' dir='ltr'>Neapoli.1)</span> <span class='ocrx_word' id='word_1_200' title='bbox 925 3018 1058 3100; x_wconf 87' lang='lat' dir='ltr'>Quibus</span> <span class='ocrx_word' id='word_1_201' title='bbox 1087 3018 1129 3085; x_wconf 92' lang='lat' dir='ltr'>de</span> <span class='ocrx_word' id='word_1_202' title='bbox 1159 3020 1267 3086; x_wconf 87' lang='lat' dir='ltr'>causis</span> <span class='ocrx_word' id='word_1_203' title='bbox 1291 3020 1354 3085; x_wconf 88' lang='lat' dir='ltr'>hac</span> 
     </span>
     <span class='ocr_line' id='line_1_27' title="bbox 180 3120 1353 3212; baseline 0 -20"><span class='ocrx_word' id='word_1_204' title='bbox 180 3127 214 3192; x_wconf 91' lang='lat' dir='ltr'>in</span> <span class='ocrx_word' id='word_1_205' title='bbox 232 3144 265 3192; x_wconf 92' lang='lat' dir='ltr'>re</span> <span class='ocrx_word' id='word_1_206' title='bbox 276 3124 490 3210; x_wconf 87' lang='lat' dir='ltr'>Alzingerum</span> <span class='ocrx_word' id='word_1_207' title='bbox 504 3120 662 3192; x_wconf 91' lang='lat' dir='ltr'>enavisse</span> <span class='ocrx_word' id='word_1_208' title='bbox 680 3132 712 3192; x_wconf 94' lang='lat' dir='ltr'>et</span> <span class='ocrx_word' id='word_1_209' title='bbox 724 3126 793 3192; x_wconf 91' lang='lat' dir='ltr'>iure</span> <span class='ocrx_word' id='word_1_210' title='bbox 803 3123 1032 3192; x_wconf 86' lang='lat' dir='ltr'>Sudhausium</span> <span class='ocrx_word' id='word_1_211' title='bbox 1046 3126 1091 3212; x_wconf 85' lang='lat' dir='ltr'>(p.</span> <span class='ocrx_word' id='word_1_212' title='bbox 1101 3126 1158 3212; x_wconf 88' lang='lat'>82)</span> <span class='ocrx_word' id='word_1_213' title='bbox 1170 3126 1353 3192; x_wconf 84' lang='lat' dir='ltr'>affirmasse</span> 
     </span>
     <span class='ocr_line' id='line_1_28' title="bbox 180 3231 1353 3318; baseline 0 -18"><span class='ocrx_word' id='word_1_214' title='bbox 180 3232 279 3300; x_wconf 92' lang='lat' dir='ltr'>credo</span> <span class='ocrx_word' id='word_1_215' title='bbox 304 3231 345 3299; x_wconf 94' lang='lat' dir='ltr'>de</span> <span class='ocrx_word' id='word_1_216' title='bbox 370 3232 565 3318; x_wconf 87' lang='lat' dir='ltr'>regionibus</span> <span class='ocrx_word' id='word_1_217' title='bbox 589 3252 608 3299; x_wconf 93' lang='lat' dir='ltr'>a</span> <span class='ocrx_word' id='word_1_218' title='bbox 630 3238 730 3317; x_wconf 89' lang='lat' dir='ltr'>poeta</span> <span class='ocrx_word' id='word_1_219' title='bbox 748 3233 1017 3316; x_wconf 89' lang='lat' dir='ltr'>commemoratis</span> <span class='ocrx_word' id='word_1_220' title='bbox 1033 3232 1076 3299; x_wconf 91' lang='lat' dir='ltr'>ad</span> <span class='ocrx_word' id='word_1_221' title='bbox 1093 3239 1234 3300; x_wconf 91' lang='lat' dir='ltr'>aetatem</span> <span class='ocrx_word' id='word_1_222' title='bbox 1251 3233 1353 3300; x_wconf 88' lang='lat' dir='ltr'>libelli</span> 
     </span>
     <span class='ocr_line' id='line_1_29' title="bbox 180 3339 578 3425; baseline 0 -19"><span class='ocrx_word' id='word_1_223' title='bbox 180 3340 262 3406; x_wconf 92' lang='lat' dir='ltr'>nihil</span> <span class='ocrx_word' id='word_1_224' title='bbox 287 3357 388 3425; x_wconf 89' lang='lat' dir='ltr'>posse</span> <span class='ocrx_word' id='word_1_225' title='bbox 413 3339 578 3407; x_wconf 88' lang='lat' dir='ltr'>concludi.</span> 
     </span>
    </p>

    <p class='ocr_par' dir='ltr' id='par_1_7' title="bbox 179 3446 1355 3963">
     <span class='ocr_line' id='line_1_30' title="bbox 286 3446 1353 3535; baseline 0.002 -23"><span class='ocrx_word' id='word_1_226' title='bbox 286 3446 572 3533; x_wconf 87' lang='lat' dir='ltr'>Progrediendum</span> <span class='ocrx_word' id='word_1_227' title='bbox 590 3448 689 3532; x_wconf 87' lang='lat' dir='ltr'>igitur</span> <span class='ocrx_word' id='word_1_228' title='bbox 702 3454 752 3514; x_wconf 91' lang='lat' dir='ltr'>est</span> <span class='ocrx_word' id='word_1_229' title='bbox 768 3447 810 3514; x_wconf 88' lang='lat' dir='ltr'>ad</span> <span class='ocrx_word' id='word_1_230' title='bbox 827 3446 1000 3527; x_wconf 88' lang='lat' dir='ltr'>rationem,</span> <span class='ocrx_word' id='word_1_231' title='bbox 1017 3465 1083 3532; x_wconf 90' lang='lat' dir='ltr'>qua</span> <span class='ocrx_word' id='word_1_232' title='bbox 1097 3446 1319 3515; x_wconf 83' lang='lat' dir='ltr'>Kruckiewicz</span> <span class='ocrx_word' id='word_1_233' title='bbox 1327 3448 1353 3535; x_wconf 83' lang='lat'>²)</span> 
     </span>
     <span class='ocr_line' id='line_1_31' title="bbox 180 3554 1354 3640; baseline 0.003 -21"><span class='ocrx_word' id='word_1_234' title='bbox 180 3554 306 3638; x_wconf 93' lang='lat' dir='ltr'>primus</span> <span class='ocrx_word' id='word_1_235' title='bbox 331 3572 412 3619; x_wconf 89' lang='lat' dir='ltr'>usus</span> <span class='ocrx_word' id='word_1_236' title='bbox 436 3561 495 3621; x_wconf 92' lang='lat' dir='ltr'>est.</span> <span class='ocrx_word' id='word_1_237' title='bbox 533 3554 646 3635; x_wconf 88' lang='lat' dir='ltr'>Poeta,</span> <span class='ocrx_word' id='word_1_238' title='bbox 671 3556 728 3640; x_wconf 92' lang='lat' dir='ltr'>qui</span> <span class='ocrx_word' id='word_1_239' title='bbox 753 3554 832 3621; x_wconf 92' lang='lat' dir='ltr'>inde</span> <span class='ocrx_word' id='word_1_240' title='bbox 856 3574 875 3621; x_wconf 92' lang='lat' dir='ltr'>a</span> <span class='ocrx_word' id='word_1_241' title='bbox 898 3574 928 3621; x_wconf 93' lang='lat' dir='ltr'>v.</span> <span class='ocrx_word' id='word_1_242' title='bbox 953 3554 1017 3621; x_wconf 84' lang='grc'>569</span> <span class='ocrx_word' id='word_1_243' title='bbox 1043 3556 1217 3622; x_wconf 89' lang='lat' dir='ltr'>hominum</span> <span class='ocrx_word' id='word_1_244' title='bbox 1243 3566 1354 3622; x_wconf 83' lang='lat' dir='ltr'>mores</span> 
     </span>
     <span class='ocr_line' id='line_1_32' title="bbox 179 3659 1353 3747; baseline 0.002 -20"><span class='ocrx_word' id='word_1_245' title='bbox 179 3661 352 3746; x_wconf 86' lang='lat' dir='ltr'>vituperat,</span> <span class='ocrx_word' id='word_1_246' title='bbox 377 3661 434 3745; x_wconf 88' lang='lat' dir='ltr'>qui</span> <span class='ocrx_word' id='word_1_247' title='bbox 459 3678 510 3726; x_wconf 90' lang='lat' dir='ltr'>res</span> <span class='ocrx_word' id='word_1_248' title='bbox 534 3659 732 3746; x_wconf 83' lang='lat' dir='ltr'>magnificas</span> <span class='ocrx_word' id='word_1_249' title='bbox 754 3662 807 3728; x_wconf 91' lang='lat' dir='ltr'>vel</span> <span class='ocrx_word' id='word_1_250' title='bbox 832 3662 1025 3729; x_wconf 88' lang='lat' dir='ltr'>notissimas</span> <span class='ocrx_word' id='word_1_251' title='bbox 1048 3662 1226 3746; x_wconf 92' lang='lat' dir='ltr'>spectaturi</span> <span class='ocrx_word' id='word_1_252' title='bbox 1250 3662 1353 3747; x_wconf 87' lang='lat' dir='ltr'>longa</span> 
     </span>
     <span class='ocr_line' id='line_1_33' title="bbox 181 3769 1355 3856; baseline 0.003 -24"><span class='ocrx_word' id='word_1_253' title='bbox 181 3786 239 3852; x_wconf 92' lang='lat' dir='ltr'>per</span> <span class='ocrx_word' id='word_1_254' title='bbox 263 3769 365 3834; x_wconf 86' lang='lat' dir='ltr'>maria</span> <span class='ocrx_word' id='word_1_255' title='bbox 389 3775 422 3834; x_wconf 86' lang='lat' dir='ltr'>et</span> <span class='ocrx_word' id='word_1_256' title='bbox 445 3773 544 3835; x_wconf 89' lang='lat' dir='ltr'>terras</span> <span class='ocrx_word' id='word_1_257' title='bbox 569 3769 684 3838; x_wconf 93' lang='lat' dir='ltr'>itinera</span> <span class='ocrx_word' id='word_1_258' title='bbox 708 3771 901 3856; x_wconf 89' lang='lat' dir='ltr'>suscipiant,</span> <span class='ocrx_word' id='word_1_259' title='bbox 932 3770 1016 3837; x_wconf 93' lang='lat' dir='ltr'>inter</span> <span class='ocrx_word' id='word_1_260' title='bbox 1039 3769 1100 3834; x_wconf 88' lang='lat' dir='ltr'>has</span> <span class='ocrx_word' id='word_1_261' title='bbox 1123 3786 1175 3835; x_wconf 91' lang='lat' dir='ltr'>res</span> <span class='ocrx_word' id='word_1_262' title='bbox 1198 3776 1355 3854; x_wconf 91' lang='lat' dir='ltr'>quattuor</span> 
     </span>
     <span class='ocr_line' id='line_1_34' title="bbox 181 3873 1353 3963; baseline 0.003 -25"><span class='ocrx_word' id='word_1_263' title='bbox 181 3873 314 3939; x_wconf 77' lang='lat' dir='ltr'>tabellas</span> <span class='ocrx_word' id='word_1_264' title='bbox 339 3873 460 3940; x_wconf 75' lang='lat' dir='ltr'>Graias</span> <span class='ocrx_word' id='word_1_265' title='bbox 490 3885 662 3945; x_wconf 90' lang='lat' dir='ltr'>enumerat</span> <span class='ocrx_word' id='word_1_266' title='bbox 686 3877 750 3962; x_wconf 86' lang='lat' dir='ltr'>(vv.</span> <span class='ocrx_word' id='word_1_267' title='bbox 775 3875 976 3963; x_wconf 84' lang='lat'>595-598),</span> <span class='ocrx_word' id='word_1_268' title='bbox 1002 3893 1086 3961; x_wconf 87' lang='lat' dir='ltr'>quas</span> <span class='ocrx_word' id='word_1_269' title='bbox 1109 3875 1205 3942; x_wconf 82' lang='lat' dir='ltr'>facile</span> <span class='ocrx_word' id='word_1_270' title='bbox 1229 3893 1353 3960; x_wconf 87' lang='lat' dir='ltr'>agnos-</span> 
     </span>
    </p>
   </div>
   <div class='ocr_carea' id='block_1_7' title="bbox 178 4049 1354 4576">
    <p class='ocr_par' dir='ltr' id='par_1_8' title="bbox 178 4049 1354 4393">
     <span class='ocr_line' id='line_1_35' title="bbox 286 4049 1354 4123; baseline 0 -19"><span class='ocrx_word' id='word_1_271' title='bbox 286 4049 309 4122; x_wconf 82' lang='grc'>1)</span> <span class='ocrx_word' id='word_1_272' title='bbox 327 4051 482 4109; x_wconf 85' lang='lat' dir='ltr'>Praeterea</span> <span class='ocrx_word' id='word_1_273' title='bbox 500 4053 656 4122; x_wconf 84' lang='lat' dir='ltr'>Alzingoro</span> <span class='ocrx_word' id='word_1_274' title='bbox 685 4049 870 4105; x_wconf 84' lang='lat' dir='ltr'>obiciendum</span> <span class='ocrx_word' id='word_1_275' title='bbox 896 4055 942 4105; x_wconf 83' lang='lat' dir='ltr'>est</span> <span class='ocrx_word' id='word_1_276' title='bbox 967 4052 1173 4123; x_wconf 91' lang='lat' dir='ltr'>philosophum</span> <span class='ocrx_word' id='word_1_277' title='bbox 1197 4056 1354 4106; x_wconf 83' lang='lat' dir='ltr'>tremorem</span> 
     </span>
     <span class='ocr_line' id='line_1_36' title="bbox 178 4140 1353 4213; baseline -0.001 -19"><span class='ocrx_word' id='word_1_278' title='bbox 178 4140 262 4194; x_wconf 91' lang='lat' dir='ltr'>illum</span> <span class='ocrx_word' id='word_1_279' title='bbox 280 4146 374 4196; x_wconf 83' lang='lat' dir='ltr'>terrae</span> <span class='ocrx_word' id='word_1_280' title='bbox 392 4143 422 4196; x_wconf 90' lang='lat' dir='ltr'>in</span> <span class='ocrx_word' id='word_1_281' title='bbox 441 4142 476 4198; x_wconf 89' lang='lat' dir='ltr'>N.</span> <span class='ocrx_word' id='word_1_282' title='bbox 490 4141 523 4208; x_wconf 83' lang='lat' dir='ltr'>Q.</span> <span class='ocrx_word' id='word_1_283' title='bbox 542 4140 748 4211; x_wconf 81' lang='lat' dir='ltr'>amplificasse3</span> <span class='ocrx_word' id='word_1_284' title='bbox 767 4140 902 4195; x_wconf 81' lang='lat' dir='ltr'>Tacitum</span> <span class='ocrx_word' id='word_1_285' title='bbox 918 4145 1017 4194; x_wconf 85' lang='lat' dir='ltr'>autem</span> <span class='ocrx_word' id='word_1_286' title='bbox 1034 4141 1109 4213; x_wconf 81' lang='lat' dir='ltr'>(XV,</span> <span class='ocrx_word' id='word_1_287' title='bbox 1120 4143 1167 4213; x_wconf 82' lang='grc'>22)</span> <span class='ocrx_word' id='word_1_288' title='bbox 1180 4157 1217 4196; x_wconf 85' lang='lat' dir='ltr'>ex</span> <span class='ocrx_word' id='word_1_289' title='bbox 1230 4141 1353 4195; x_wconf 84' lang='lat' dir='ltr'>Annaeo</span> 
     </span>
     <span class='ocr_line' id='line_1_37' title="bbox 178 4228 1354 4301; baseline 0 -18"><span class='ocrx_word' id='word_1_290' title='bbox 178 4230 320 4297; x_wconf 78' lang='lat' dir='ltr'>hausisse,</span> <span class='ocrx_word' id='word_1_291' title='bbox 340 4247 357 4285; x_wconf 88' lang='lat' dir='ltr'>o</span> <span class='ocrx_word' id='word_1_292' title='bbox 375 4232 529 4287; x_wconf 86' lang='lat' dir='ltr'>vorborum</span> <span class='ocrx_word' id='word_1_293' title='bbox 547 4229 736 4285; x_wconf 88' lang='lat' dir='ltr'>similitudine</span> <span class='ocrx_word' id='word_1_294' title='bbox 757 4228 955 4301; x_wconf 83' lang='lat' dir='ltr'>colligendum</span> <span class='ocrx_word' id='word_1_295' title='bbox 974 4233 1020 4284; x_wconf 84' lang='lat' dir='ltr'>est</span> <span class='ocrx_word' id='word_1_296' title='bbox 1039 4229 1086 4301; x_wconf 86' lang='lat' dir='ltr'>(oi.</span> <span class='ocrx_word' id='word_1_297' title='bbox 1100 4230 1212 4286; x_wconf 83' lang='lat' dir='ltr'>Gercko</span> <span class='ocrx_word' id='word_1_298' title='bbox 1230 4229 1354 4284; x_wconf 82' lang='lat' dir='ltr'>Seneca-</span> 
     </span>
     <span class='ocr_line' id='line_1_38' title="bbox 179 4318 1212 4393; baseline 0.002 -20"><span class='ocrx_word' id='word_1_299' title='bbox 179 4318 262 4374; x_wconf 89' lang='lat' dir='ltr'>Stud.</span> <span class='ocrx_word' id='word_1_300' title='bbox 281 4339 309 4393; x_wconf 88' lang='lat' dir='ltr'>p.</span> <span class='ocrx_word' id='word_1_301' title='bbox 328 4321 381 4375; x_wconf 84' lang='lat'>323</span> <span class='ocrx_word' id='word_1_302' title='bbox 399 4319 453 4391; x_wconf 86' lang='lat' dir='ltr'>sq.)</span> <span class='ocrx_word' id='word_1_303' title='bbox 1208 4328 1212 4336; x_wconf 95' lang='lat'>&#39;</span> 
     </span>
    </p>

    <p class='ocr_par' dir='ltr' id='par_1_9' title="bbox 180 4407 1352 4576">
     <span class='ocr_line' id='line_1_39' title="bbox 287 4407 1352 4483; baseline -0.002 -17"><span class='ocrx_word' id='word_1_304' title='bbox 287 4411 310 4483; x_wconf 70' lang='grc'>1)</span> <span class='ocrx_word' id='word_1_305' title='bbox 328 4409 536 4474; x_wconf 87' lang='lat' dir='ltr'>Kruokiewioz,</span> <span class='ocrx_word' id='word_1_306' title='bbox 559 4409 669 4464; x_wconf 84' lang='lat' dir='ltr'>Poema</span> <span class='ocrx_word' id='word_1_307' title='bbox 692 4407 728 4464; x_wconf 87' lang='lat' dir='ltr'>de</span> <span class='ocrx_word' id='word_1_308' title='bbox 751 4407 803 4464; x_wconf 83' lang='lat' dir='ltr'>Ae.</span> <span class='ocrx_word' id='word_1_309' title='bbox 822 4425 860 4464; x_wconf 89' lang='lat' dir='ltr'>m.</span> <span class='ocrx_word' id='word_1_310' title='bbox 879 4407 1009 4482; x_wconf 85' lang='lat' dir='ltr'>Vergilio</span> <span class='ocrx_word' id='word_1_311' title='bbox 1032 4409 1144 4464; x_wconf 80' lang='lat' dir='ltr'>auctori</span> <span class='ocrx_word' id='word_1_312' title='bbox 1166 4408 1352 4483; x_wconf 86' lang='lat' dir='ltr'>potissimum</span> 
     </span>
     <span class='ocr_line' id='line_1_40' title="bbox 180 4498 674 4576; baseline 0.002 -21"><span class='ocrx_word' id='word_1_313' title='bbox 180 4499 373 4557; x_wconf 82' lang='lat' dir='ltr'>attribuenda.</span> <span class='ocrx_word' id='word_1_314' title='bbox 410 4498 674 4576; x_wconf 78' lang='lat' dir='ltr'>Oraoowiae1884.</span> 
     </span>
    </p>
   </div>
   <div class='ocr_carea' id='block_1_8' title="bbox 0 0 1516 5024">
    <p class='ocr_par' dir='ltr' id='par_1_10' title="bbox 0 0 1516 5024">
     <span class='ocr_line' id='line_1_41' title="bbox 0 0 1516 5024; baseline 0 0"><span class='ocrx_word' id='word_1_315' title='bbox 0 0 1516 5024; x_wconf 95' lang='lat' dir='ltr'> </span> 
     </span>
    </p>
   </div>
  </div>
 </body>
</html>
