3022 5024
272 1265 429 1364 Carmen
454 1284 567 1351 incerti
584 1291 715 1370 poetae,
740 1283 833 1370 quod
858 1291 907 1352 est
929 1284 970 1352 de
986 1282 1092 1351 Aetna
1109 1289 1235 1365 monte,
1260 1302 1330 1352 non

154 1410 265 1476 solum
294 1427 436 1494 magnas
457 1407 499 1475 'in
528 1415 617 1476 textu
647 1407 885 1476 constituendo
920 1407 1130 1475 difficultates
1160 1409 1330 1494 praebere,

155 1532 214 1600 sed
239 1533 338 1600 etiam
362 1533 444 1599 alias
468 1533 685 1618 quaestiones
700 1550 779 1618 prae
800 1549 837 1598 se
860 1532 942 1599 ferre
959 1538 1076 1598 notum
1103 1538 1164 1613 est,
1188 1549 1272 1618 quas
1296 1539 1332 1599 ut

154 1657 409 1743 solverentper
433 1664 589 1742 quattuor
619 1635 702 1724 haec
732 1656 865 1724 saecula
895 1656 954 1723 viri
980 1655 1069 1724 docti
1100 1675 1232 1724 summa
1264 1674 1330 1743 ope

155 1782 239 1848 enisi
263 1789 351 1862 sunt,
379 1800 437 1849 eas
467 1780 543 1849 dico
567 1781 794 1866 quaestiones,
819 1799 904 1866 quae
934 1780 975 1848 de
1000 1787 1133 1848 auctore
1157 1787 1331 1867 aetateque

154 1905 226 1972 libri
251 1906 419 1973 institutae
444 1912 531 1972 sunt.
578 1904 697 1990 Neque
722 1912 834 1972 tamen
860 1904 1057 1991 disceptatio
1080 1904 1123 1990 ad
1146 1887 1252 1972 linem*
1273 1905 1331 1972 ad-

156 2028 254 2097 ducta
279 2036 343 2109 est;
377 2029 437 2097 sed
461 2030 528 2097 lere
553 2022 723 2109 omnium,¹
748 2029 805 2115 qui
830 2031 1006 2097 obscuram
1035 2030 1137 2097 libelli
1166 2030 1330 2115 originem

156 2172 267 2221 eruere
298 2153 505 2234 studuerunt,
537 2155 722 2221 sententiae
758 2155 793 2219 in
822 2153 969 2221 diversas
1004 2161 1114 2239 partes
1145 2153 1330 2222 discedunt.

155 2277 327 2344 Editorum
353 2296 499 2363 quoque,
530 2278 587 2363 qui
619 2279 685 2345 hoc
713 2277 879 2345 decennio
905 2278 1041 2345 carmini
1070 2287 1206 2363 operam
1231 2297 1331 2345 nava-

154 2409 281 2483 verunt,
312 2402 434 2469 iudicia
463 2401 560 2469 valde
585 2403 669 2469 inter
697 2420 733 2469 se
759 2400 924 2484 differunt,
954 2419 1030 2468 cum
1054 2400 1213 2468 Sudhaus
1240 2402 1331 2469 brevi

101 2540 104 2547 ·
155 2533 233 2610 post
258 2526 383 2610 Vergili
417 2525 583 2611 Georgica
617 2545 646 2593 a.
675 2525 719 2592 30
743 2545 771 2592 a.
797 2525 872 2593 Chr.
898 2545 930 2592 n.
966 2525 1091 2611 publici
1125 2525 1204 2592 iuris
1235 2525 1330 2608 lacta,

109 2698 111 2702 v
155 2649 235 2716 Ellis
259 2657 316 2717 aut
338 2649 481 2735 Augusti
510 2658 567 2718 aut
590 2649 735 2718 Neronis
759 2668 854 2730 aevo,
881 2650 1067 2717 Vessereau
1092 2669 1162 2718 non
1188 2649 1330 2717 multum

155 2781 233 2859 post
248 2774 376 2841 Lucreti
401 2774 504 2841 libros
520 2773 662 2842 Aetnam
680 2773 866 2842 confectam
884 2793 958 2842 esse
973 2775 1151 2843 verisimile
1169 2775 1330 2842 duxerint.

155 2898 245 2965 Nihil
262 2899 361 2984 igitur
377 2906 529 2966 constare
545 2898 676 2966 videtur
691 2899 756 2965 nisi
773 2899 806 2964 hi
823 2899 969 2966 termini:
994 2906 1027 2967 et
1042 2906 1120 2984 post
1133 2899 1330 2981 Lucretium,

156 3041 256 3107 quem
288 3022 438 3090 abba.
471 3022 546 3090 Chr.
576 3042 609 3089 n.
643 3030 811 3090 mortuum
845 3039 919 3091 esse
954 3024 1156 3109 accepimus
1191 3030 1222 3091 et
1254 3031 1331 3092 ante

154 3146 278 3214 Vesuvi
301 3147 512 3232 eruptionem
535 3146 782 3214 celeberrimam
807 3167 836 3214 a.
853 3148 897 3214 79
913 3166 946 3232 ρ.
964 3147 1039 3215 Chr.
1058 3167 1089 3214 n.
1106 3148 1227 3216 tactam
1245 3156 1332 3218 certe

156 3289 288 3339 carmen
320 3272 478 3357 scriptum
504 3278 568 3352 est;
599 3272 824 3358 nequeenim
859 3273 940 3356 quin
970 3272 1156 3339 Lucretium
1187 3280 1331 3341 sectatus

155 3397 197 3463 sit
219 3395 347 3463 Aetnae
372 3403 487 3464 auctor
510 3415 621 3481 neque
646 3397 727 3482 quin
752 3403 830 3481 post
854 3372 1048 3464 calamitatis
1072 3396 1160 3464 illius
1184 3398 1331 3483 ingentis

155 3538 282 3587 annum
316 3521 399 3587 liber
432 3519 474 3587 de
507 3521 740 3606 eruptionibus
779 3501 988 3605 compositus
1019 3520 1204 3588 Vesuvium
1237 3521 1330 3588 nullo

155 3644 260 3712 modo
277 3644 411 3712 silentio
428 3645 602 3731 praeterire
619 3645 793 3730 potuisset,
819 3643 983 3712 dubitatio
1003 3653 1063 3713 est.
1099 3644 1203 3727 Quod
1219 3652 1330 3713 autem

155 3767 199 3835 ad
228 3775 349 3854 poetae
380 3788 507 3838 nomen
537 3770 664 3851 attinet,
695 3788 841 3855 magnus
871 3775 921 3838 est
951 3788 1110 3838 numerus
1133 3771 1330 3856 scriptorum

156 3891 397 3976 Romanorum,
431 3895 554 3981 quibus
586 3893 693 3962 Aetna
718 3895 871 3962 attributa
895 3901 961 3975 est;
993 3895 1126 3963 luerunt
1149 3897 1239 3963 enim
1273 3896 1331 3982 qui

155 4017 302 4103 Vergilio
327 4017 451 4086 Ovidio
475 4017 599 4086 Severo
630 4018 756 4087 Lucilio
784 4018 943 4115 Senecae
958 4019 1067 4087 Plinio
1097 4020 1329 4088 adscriberent.

156 4142 253 4233 Hanc
272 4138 412 4230 'quidem
443 4143 687 4228 quaestionem,
717 4151 832 4229 utpote
857 4163 957 4230 quam
989 4144 1074 4211 solvi
1103 4162 1204 4230 posse
1229 4142 1331 4211 hodie

155 4267 210 4334 vix
227 4268 405 4353 quisquam
422 4274 541 4353 speret,
565 4268 706 4336 breviter
720 4276 869 4354 tangam,
894 4269 1028 4336 alteram
1045 4276 1156 4336 autem
1180 4275 1330 4335 accurate

159 4393 348 4460 examinare
372 4393 406 4459 in
430 4393 545 4461 animo
570 4399 629 4462 est.
653 4392 702 4461 Ac
723 4401 834 4480 patere
857 4393 1012 4462 videntur
1031 4394 1181 4480 quinque
1205 4390 1330 4477 disqui-

155 4514 250 4589 rendi
272 4516 361 4588 viae:
386 4518 531 4611 primum
561 4518 651 4588 enirn
681 4517 866 4590 uidendum
890 4524 949 4602 est,
979 4517 1062 4608 quid
1089 4534 1108 4587 e
1130 4517 1332 4589 testimoniis
