3022 5024
673 342 893 417 „ffl„

194 578 331 649 parvum
368 558 554 630 elisionum·
584 560 733 646 gravium
770 560 976 647 praeberent,
1012 555 1165 640 Ovidius,
1202 574 1269 646 qua
1302 562 1372 628 erat

194 668 370 753 elegantia,
407 670 467 734 has
502 669 635 735 evitavit
670 675 702 735 et
737 686 921 754 perpaucas
956 666 1104 747 admisit;
1144 673 1244 754 atque
1279 668 1371 736 hunc

195 783 329 861 poetam
356 776 631 842 amoenissimum
657 774 816 840 Manilius
840 773 966 841 Aetnae
991 780 1106 841 auctor
1120 773 1276 841 Lucanus
1300 792 1371 841 sec·

195 884 252 950 tati
277 890 366 963 sunt,
392 883 452 949 sed
477 885 520 949 ita
544 891 579 949 ut
596 883 751 949 Lucanus
768 883 999 949 severissimus
1015 889 1112 949 esset.
1137 881 1255 966 Neque
1280 879 1372 948 aliud

195 990 355 1057 iudicium
387 1008 464 1057 eum
495 990 636 1056 laturum
666 1008 740 1056 esse
765 1007 960 1075 persuasum
986 990 1107 1068 habeo,
1137 989 1194 1074 qui
1219 986 1372 1055 animad-

195 1098 334 1177 verterit,
368 1098 524 1182 quotiens
549 1098 722 1182 aphaeresi
756 1097 807 1163 usi
837 1098 903 1164 sint
937 1102 1058 1183 poetae
1086 1096 1188 1163 latini.
1235 1094 1313 1177 Qua
1337 1096 1372 1163 in

194 1223 228 1270 re
252 1204 458 1270 simillimum
475 1211 644 1271 auctorem
662 1204 843 1289 cognoscis
861 1222 935 1271 esse
952 1202 1077 1271 Ovidio
1099 1221 1209 1289 neque
1229 1202 1372 1270 multum

195 1312 315 1379 abesse
340 1332 358 1377 a
381 1311 532 1389 Lucano;
557 1310 739 1395 aVergilio
764 1318 875 1378 autem
901 1320 1001 1395 quam
1027 1310 1171 1377 maxime
1195 1309 1372 1394 discrepat.

301 1419 375 1485 Jam
402 1420 589 1485 monuerim
615 1418 657 1484 de
681 1418 811 1484 tabellis
831 1418 1000 1498 Eskuchii‚
1026 1419 1083 1502 qui
1108 1416 1149 1483 de
1173 1416 1374 1484 elisionibus

197 1525 390 1592 ultimorum
426 1544 540 1592 versus
581 1525 706 1610 pedum
746 1526 779 1591 in
818 1525 906 1591 Mus.
945 1523 1051 1590 Rhcn.
1086 1524 1239 1591 disseruit
1276 1522 1375 1609 (XLV

196 1651 228 1716 p.
253 1632 318 1697 393
332 1632 434 1718 sqq.);
461 1634 587 1718 inspice
615 1651 774 1698 numeros
800 1634 841 1698 ab
869 1650 910 1698 eo
934 1632 1062 1711 allatos,
1088 1629 1255 1698 concedes
1272 1631 1373 1696 etiam

197 1739 260 1804 hac
295 1740 422 1805 ratione
464 1739 612 1806 adbibita
646 1740 755 1824 magis
792 1739 1033 1825 posterioribus
1072 1757 1172 1823 quam
1208 1737 1375 1823 prioribus

197 1847 407 1931 temporibus
428 1845 569 1912 Aetnam
593 1845 696 1912 videri
722 1846 907 1913 confectam
933 1864 1017 1912 esse.

308 1951 430 2032 Restat,
449 1960 484 2018 ut
500 1971 606 2037 pauca
624 1952 665 2018 de
683 1970 891 2019 caesurarum
909 1970 971 2018 usu
985 1951 1171 2037 expediam.
1207 1951 1376 2037 Frequen-

199 2059 348 2126 tissimos
365 2077 439 2125 csse
456 2077 516 2125 eos
532 2077 657 2138 versus,
683 2059 715 2125 in
734 2060 856 2143 quibus
873 2060 1109 2144 semiquinaria
1127 2065 1252 2143 regnat,
1270 2078 1374 2128 nemo

196 2166 374 2231 mirabitur.
438 2166 525 2232 Huic
553 2184 709 2232 caesurae
739 2167 920 2232 incisiones
949 2165 1164 2232 subsidiarias
1194 2173 1251 2233 aut
1274 2162 1385 2233 semi·'

196 2273 380 2357 quinariam
406 2279 463 2338 aut
486 2271 649 2338 diaeresin
674 2272 862 2339 bucolicam
885 2291 971 2357 quae
987 2279 1123 2339 vocatur
1140 2292 1158 2339 a
1176 2273 1286 2360 poetis
1307 2272 1376 2341 fere

195 2379 369 2445 adiunctas
405 2398 478 2445 esse
502 2386 631 2448 ,notum
670 2387 718 2446 est
753 2380 913 2465 (exceptis
943 2379 1124 2446 veterrimis
1149 2380 1259 2466 poetis
1281 2381 1375 2448 velut

196 2486 308 2552 Ennio
334 2494 367 2553 et
392 2487 528 2566 Lucilio,
554 2505 628 2552 cum
655 2488 777 2572 quibus
802 2487 960 2553 Horatius
985 2493 1017 2553 et
1041 2494 1188 2571 exparte
1205 2487 1376 2555 Lucretius

196 2595 428 2679 congruuntll.
476 2594 521 2659 Illi
551 2613 688 2661 normae
718 2595 849 2680 plurimi
866 2593 993 2660 Aetnae
1021 2612 1136 2659 versus
1158 2593 1376 2680 respondent.

196 2701 305 2767 Multo
340 2702 442 2767 rarius
478 2703 758 2785 penthemimeres
789 2720 864 2769 cum
890 2702 1054 2769 incisione
1080 2708 1157 2786 post
1180 2703 1376 2769 trochaeum

197 2814 349 2892 quartum
376 2809 524 2891 copulari
549 2809 688 2876 solebat.
748 2807 934 2888 Quomodo
959 2809 1083 2894 singuli
1109 2816 1229 2895 poetae
1254 2809 1288 2875 in
1314 2810 1378 2877 hac

196 2914 302 2981 forma
320 2914 514 2998 usurpanda
532 2915 694 2995 differant,
719 2934 759 2981 ex
776 2917 866 2982 bisce
884 2934 1087 3001 cognoscas:
1113 2917 1197 2982 inter
1213 2922 1377 2983 centenos

196 3038 311 3088 versus
329 3021 498 3088 Lucretius
519 3021 587 3107 (111)
615 3023 641 3101 1,
656 3022 686 3101 6,
705 3021 820 3089 Cicero
837 3024 869 3102 0,
883 3023 936 3103 28,
955 3023 1104 3089 Catullus
1120 3023 1151 3102 0,
1165 3021 1196 3104 5,
1209 3022 1378 3108 Vergilius

196 3112 292 3198 (nen.
315 3128 369 3210 iv)
399 3128 429 3208 3,
448 3130 478 3210 7,
512 3127 656 3196 ouans
680 3129 842 3215 (neem)
873 3130 903 3210 5,
923 3129 954 3209 5,
979 3129 1139 3195 mannus
1163 3128 1231 3215 (iv)
1255 3129 1286 3209 2,
1314 3129 1377 3196 Lu-

198 3255 302 3304 canus
337 3238 367 3316 4,
391 3235 517 3303 Aetnae
551 3244 665 3304 auctor
698 3236 753 3321 2²)
785 3255 900 3303 versus
925 3237 968 3304 ita
991 3236 1227 3303 formaverunt.
1273 3237 1379 3304 Vides

199 3345 289 3411 hunc
326 3344 519 3428 scriptorem
556 3345 741 3411 Lucretium
779 3344 975 3412 Ciceronem
1012 3345 1178 3412 Catullum
1209 3362 1379 3431 superare,

198 3469 274 3517 cum
289 3451 429 3519 Manilio
445 3453 796 3537 consentire,Vergilio
808 3452 932 3520 Ovidio
944 3455 1079 3520 Lucano
1091 3452 1279 3518 inferiorem
1291 3470 1377 3519 esse.

308 3557 461 3626 Omnino
486 3567 606 3644 poetae
642 3561 734 3626 latini
768 3560 940 3646 politiores
965 3567 1131 3639 caverunt,
1165 3578 1208 3626 ne
1238 3560 1379 3645 penthe-

198 3665 361 3731 mimeren
392 3666 499 3733 solam
529 3666 570 3751 inj
592 3685 689 3733 versu
719 3674 897 3751 ponerent;
930 3667 1086 3752 quotiens
1116 3667 1182 3733 hoc
1211 3684 1282 3732 non
1311 3667 1379 3734 evi-

196 3772 348 3852 taverint,
375 3791 415 3838 ex
439 3774 501 3840 hac
525 3774 645 3840 tabella
670 3775 790 3840 elucet:

309 3878 392 3945 inter
409 3887 570 3946 centenos
586 3898 701 3947 versus
717 3885 767 3946 tot
784 3880 1055 3964 semiquinariam
1074 3879 1182 3947 solam
1201 3879 1378 3966 praebent:

305 3985 433 4052 Lucreti
458 3984 525 4071 (Vl)
675 3987 688 4052 l
846 3984 947 4053 Ovidi
971 3986 1065 4072 (Met.
1090 3986 1145 4072 VI)
1192 3985 1247 4067 2‚5

198 4113 410 4121 κ*-

308 4179 331 4250 1)
351 4179 393 4232 Ol.
414 4180 482 4234 (lull
500 4180 602 4253 Meyer
620 4182 638 4234 1.
652 4182 669 4234 l.
684 4200 710 4253 p.
726 4182 802 4236 1048.

307 4272 329 4341 ¹²)
348 4271 433 4324 Hanc
452 4273 668 4341 proportionem
683 4289 698 4326 e
712 4273 839 4326 numeris
853 4290 870 4325 a
883 4271 1002 4344 Meyero
1016 4271 1033 4325 1,
1048 4272 1065 4324 l.
1079 4290 1106 4343 p.
1122 4271 1191 4327 1706
1204 4286 1246 4340 sq.
1261 4286 1382 4340 compu-

182 4362 267 4434 ¹tatis
299 4361 384 4415 elicui
415 4359 504 4431 (idem
524 4352 562 4415 ,in
592 4361 706 4415 tabellis
728 4361 956 4431 insequentibus
984 4361 1067 4432 feei);
1097 4361 1211 4415 Aetnae
1239 4374 1382 4413 versuum

117 4454 353 4525 3„=.,“nssumerum
373 4449 408 4504 14
425 4449 542 4516 indicat,
563 4449 697 4521 equidem
716 4451 770 4504 hos
783 4454 899 4504 tantum
912 4450 1051 4505 terdeoim
1065 4451 1191 4522 repperi:
1209 4449 1252 4516 60,
1273 4449 1316 4516 74,
1337 4448 1381 4510 91,

117 4530 967 4614 &mmmmmffifflmmffi
