3022 5024
633 1247 792 1347 caput
818 1247 873 1328 H.

270 1568 338 1638 Sed
363 1569 428 1636 iam
453 1567 495 1635 de
519 1566 647 1635 Aetnae
670 1574 805 1636 auctore
829 1565 989 1634 disserere
1013 1566 1209 1636 desinamus
1233 1574 1274 1649 et,
1305 1573 1341 1635 ut

164 1684 304 1746 aetatem
341 1676 442 1744 libelli
478 1676 738 1761 investigemus,
772 1673 955 1742 secundam
990 1675 1078 1741 illam
1113 1675 1341 1761 inquisitionis

163 1786 251 1852 viam
276 1785 440 1863 ineamus,
465 1800 551 1867 quae
576 1781 619 1848 ad
642 1799 694 1848 res
716 1780 769 1847 vel
792 1781 877 1848 facta
902 1782 997 1877 certis
1021 1783 1230 1868 temporibus
1254 1783 1340 1849 attri-

164 1889 300 1957 buenda
325 1891 475 1975 pertinet.
1357 1872 1360 1879 “

270 1994 318 2063 Ac
342 1996 467 2081 primae
489 1994 624 2081 quidem
650 1995 768 2062 rationi
793 2014 811 2061 a
835 1995 912 2062 viris
937 1993 1045 2063 doctis
1069 1995 1238 2065 adhibitae
1261 1999 1340 2064 sub·

165 2105 248 2171 iecta
285 2111 336 2171 est
374 2104 492 2188 opinio
529 2121 656 2182 eorum,
693 2104 751 2188 qui
785 2103 972 2183 confidunt,
1010 2111 1179 2172 auctorem
1218 2105 1340 2190 ipsum,

166 2229 241 2278 cum
269 2218 337 2278 tam
365 2210 485 2278 vividis
514 2209 684 2277 coloribus
713 2210 838 2276 montis
869 2211 1051 2277 aestuantis
1078 2211 1196 2278 faciem
1222 2209 1340 2295 depin-

165 2325 266 2404 geret,
284 2317 451 2403 eruptioni
463 2315 591 2383 Aetnae
608 2315 766 2383 adfuisse.
791 2315 903 2397 Quam
921 2317 1048 2383 obrem
1066 2315 1108 2383 de
1126 2317 1339 2402 eruptionum

164 2425 373 2510 temporibus
397 2424 430 2490 lri
454 2443 505 2490 vv.
531 2422 598 2503 dd,
628 2423 662 2489 in
686 2441 830 2507 quorum
860 2441 1000 2490 numero
1024 2422 1181 2509 Alzinger
1204 2430 1237 2490 et
1259 2423 1340 2489 Ves-

165 2550 281 2598 sereau
312 2537 400 2611 sunt,
433 2529 560 2615 aliquid
591 2529 747 2614 colligere
778 2530 987 2597 studuerunt.
1044 2529 1147 2611 Quod
1179 2548 1240 2596 eos
1271 2531 1340 2597 iure

165 2637 284 2705 fecisse
301 2639 383 2704 mihi
402 2656 472 2704 non
489 2636 721 2722 persuadetur;
744 2638 831 2704 lranc
848 2637 937 2704 enim
956 2638 1280 2722 argumentationem
1306 2638 1339 2703 in

165 2745 304 2825 fontem,
329 2745 383 2812 cui
399 2754 435 2810 se
452 2743 631 2829 applicavit
654 2750 764 2829 poeta,
790 2763 861 2811 non
887 2744 921 2811 in
938 2763 1072 2812 carmen
1094 2745 1204 2830 ipsum
1223 2743 1340 2812 cadere

166 2852 311 2919 arbitror.
359 2850 559 2936 Scriptorem
583 2849 711 2918 Aetnae
736 2858 885 2919 montem
909 2853 1044 2920 novisse
1064 2851 1339 2918 verisimillimum

166 2965 229 3038 est;
245 2958 426 3025 ferventem
440 2965 610 3043 spectasse
623 2976 700 3024 eum
715 2976 815 3026 nemo
827 2960 992 3044 probabit.
1012 2958 1163 3026 Forsitan
1180 2958 1340 3025 obiecerit

167 3065 333 3150 quispiam
363 3065 534 3131 neminem
565 3065 716 3131 animum
746 3064 959 3132 inducturum
987 3065 1102 3145 fuisse,
1135 3072 1170 3132 ut
1197 3063 1338 3131 Aetnam

167 3178 308 3252 caneret,
332 3172 397 3238 nisi
414 3172 589 3256 eruptione
605 3170 690 3238 facta
708 3173 884 3239 hominum
904 3171 1105 3238 interfuisset
1122 3171 1232 3257 operis
1254 3171 1341 3237 illius

167 3278 319 3344 notitiam
348 3280 493 3363 assequi.
548 3277 610 3346 Cui
642 3278 918 3364 respondendum
950 3285 1000 3345 est
1032 3296 1206 3363 nunquam
1241 3278 1340 3362 plane

165 3381 324 3467 stipidum
357 3383 500 3451 Aetnam
534 3385 653 3466 fuisse,
689 3384 749 3453 sed
785 3403 893 3470 paene
929 3383 1064 3450 assidue
1100 3402 1174 3450 eam
1209 3381 1339 3450 fumum
1426 3385 1429 3392 '

166 3509 370 3576 arenamque
395 3491 534 3558 diversis
561 3492 771 3577 temporibus
795 3490 923 3558 diversa
947 3491 979 3557 vi
1008 3491 1157 3569 eiecisse,
1182 3509 1340 3558 nonnun-

167 3615 267 3682 quam
301 3603 485 3682 tantopere,
520 3605 555 3665 ut
585 3599 742 3665 homines
775 3599 914 3665 exterriti
948 3616 966 3664 e
996 3598 1244 3683 propinquitate
1268 3597 1341 3662 eius

167 3704 353 3789 effugerent
376 3703 484 3790 (quod
508 3704 694 3790 Caligulam
720 3725 749 3773 a.
766 3705 831 3771 XL.
856 3724 888 3791 p.
915 3704 989 3772 Clrr.
1014 3703 1133 3771 fecisse
1157 3702 1341 3771 Suetonius

168 3811 288 3897 nanat)
316 3827 515 3897 semperque
544 3812 701 3879 homines
733 3813 891 3897 antiquos
921 3830 994 3879 eam
1020 3830 1095 3878 cum
1121 3811 1341 3878 admiratione

168 3925 200 3985 et
234 3919 368 3986 lrorrore
404 3919 649 4003 contemplatos
684 3937 758 3986 esse
768 3919 802 4005 1).
861 3919 958 4001 Quae
995 3936 1070 3986 cum
1107 3918 1159 3984 ita'
1186 3919 1262 4000 sint,
1298 3916 1342 3985 ad

263 4094 297 4166 ,1)
317 4094 403 4162 Quod
421 4094 506 4150 facile
533 4094 560 4150 ei
578 4095 754 4166 probabitur,
780 4096 829 4166 qui
849 4095 898 4150 vel
917 4095 1011 4150 obiter
1030 4095 1158 4150 Senecae
1175 4093 1341 4166 tragoedias

166 4176 346 4256 inspexerit}
358 4184 397 4237 ibi
416 4187 535 4255 apparet
547 4200 639 4255 paene
659 4200 761 4239 omnes
774 4185 863 4239 animi
880 4184 1000 4239 humani
1018 4189 1116 4238 motus
1129 4182 1261 4238 turbidos
1274 4199 1341 4236 eum

167 4273 286 4344 ignibus
310 4272 450 4328 Aetnaeis
475 4273 641 4344 comparari.
683 4273 781 4328 Peuce
805 4274 911 4344 eligam
935 4273 1081 4344 exempla:
1111 4272 1267 4327 collatione
1292 4271 1342 4325 illa

166 4367 255 4434 poeta
267 4363 360 4417 utitur
372 4363 402 4416 in
411 4363 546 4418 Herculis
556 4362 704 4418 dementia
713 4364 761 4427 (H.
773 4364 803 4417 F.
816 4365 887 4434 105),
902 4362 1023 4418 Medeae
1034 4362 1132 4416 furore
1142 4361 1193 4432 (M.
1204 4360 1257 4414 409
1267 4361 1341 4432 sqq.)

167 4448 316 4506 Phaedrae
336 4451 461 4506 ementis
484 4452 597 4508 insanie
616 4451 679 4523 (Ph.
694 4453 746 4508 100
764 4455 795 4507 et
813 4451 901 4523 alibi),
925 4451 1016 4506 iratae
1040 4454 1150 4521 nuptae
1171 4448 1272 4506 dolore
1291 4450 1340 4524 (H.

168 4537 233 4602 Oet.
246 4539 311 4620 285)
329 4539 522 4619 depingendis
541 4541 589 4617 (of.
609 4541 647 4597 H.
667 4540 731 4599 oet.
746 4541 823 4612 1361,
844 4539 914 4598 Oed.
928 4540 1000 4621 314).
