3022 5024
642 396 863 469 ..25-

164 617 222 706 (Η.
246 616 281 685 L.
306 616 343 685 R.
368 615 392 684 11
424 615 437 684 l
466 634 498 703 p.
521 614 578 703 69)
612 615 677 683 iam
714 621 888 703 propterea
924 614 1117 684 incredibile
1152 620 1212 696 est,
1248 611 1341 700 quod

164 727 356 812 Propertius
392 744 463 793 non
499 726 576 792 viris
611 725 782 793 doctrinae
817 731 849 791 et
883 725 1042 792 scientiae
1072 743 1172 810 quam
1197 723 1341 790 maxime

165 834 300 914 deditis,
318 832 378 901 sed
395 833 556 900 omnibus
573 832 768 901 hominibus
785 833 1005 918 politioribus
1017 832 1163 899 carmina
1180 850 1240 898 sua
1256 831 1351 897 fudit.

163 941 216 1009 lln
234 939 372 1008 credidit
384 939 543 1006 Sudhaus
559 941 685 1004 doctam
696 939 855 1022 pueliam,
874 941 927 1006 cui
940 946 1041 1025 poeta
1054 939 1186 1007 libellos
1200 939 1340 1019 dedicat,

165 1066 266 1135 quam
284 1055 320 1115 ut
336 1048 537 1115 delectarent
552 1065 667 1114 versus
681 1047 891 1132 compositos
904 1064 979 1113 esse
992 1046 1175 1113 identidem
1189 1047 1339 1127 affirmat,

165 1175 302 1241 operam
339 1154 483 1235 dedisse,
521 1161 557 1221 ut
578 1153 706 1221 Aetnae
734 1160 882 1221 austeras
918 1161 950 1221 et
982 1153 1135 1221 difficiles
1159 1154 1341 1222 sententias

165 1263 368 1348 perciperet?
385 1259 453 1328 Sed
470 1279 538 1328 rem
556 1260 664 1347 ipsam
681 1262 927 1341 examinemus3
944 1260 1133 1346 Propertius
1150 1262 1169 1328 l.
1187 1261 1207 1328 l.
1226 1279 1253 1328 c.
1270 1259 1340 1328 XVI
1376 1269 1382 1278 '

164 1390 195 1437 v.
213 1369 255 1436 29
280 1368 420 1437 confidit
446 1369 588 1436 amicam
612 1387 659 1449 se,
680 1368 867 1436 dummodo
885 1367 1008 1448 audiat,
1022 1366 1249 1435 exaudituram
1267 1384 1341 1434 esse

384 1492 429 1558 sit
451 1493 526 1558 iicet
549 1497 580 1557 et
601 1513 682 1559 saxo
701 1492 884 1575 patientior
907 1493 967 1558 iiia
991 1491 1119 1558 Sicano.

168 1618 272 1701 Quod
320 1619 476 1685 homines
522 1617 713 1702 intellegere
761 1636 831 1684 non
878 1606 1029 1702 potuisse
1074 1616 1232 1684 Sudhaus
1278 1617 1342 1684 sibi

165 1726 329 1810 persuasit
359 1725 422 1792 nisi
446 1725 598 1792 versibus
621 1723 748 1791 Aetnae
773 1731 871 1791 antea
895 1725 1050 1808 cognitis,
1080 1725 1203 1809 quibus
1227 1731 1342 1791 auctor

166 1832 321 1918 explanat
343 1831 490 1916 lapidem
516 1831 687 1911 molarem,
713 1832 770 1898 ubi
795 1832 866 1916 igni
889 1832 995 1898 victus
1020 1837 1079 1911 est,
1104 1832 1193 1897 hunc
1217 1849 1341 1915 magna

160 1937 326 2021 patientia
361 1957 490 2005 servare
526 1937 634 2025 (lll);
670 1936 850 2024 laudatque
886 1956 985 2023 porro
1010 1959 1040 2005 v.
1063 1935 1095 2004 d.
1119 1956 1251 2004 versum
1276 1937 1340 2003 422

165 2045 217 2112 iric
239 2045 337 2111 semei
364 2049 461 2127 utque
483 2043 603 2110 iterum
621 2043 756 2127 potieris
780 2096 787 2112 .
814 2097 821 2111 .
848 2095 854 2112 .
880 2045 965 2112 Cum
995 2045 1090 2112 locos
1112 2043 1240 2111 aetnae
1265 2063 1341 2111 cum

166 2153 383 2238 Propertiano
423 2136 594 2237 comparo,
635 2170 705 2218 non
740 2150 852 2232 video,
888 2151 969 2237 quid
1005 2168 1185 2219 commune
1217 2152 1265 2218 eis
1289 2153 1341 2217 sit.

165 2258 201 2325 Si
237 2265 337 2345 poeta
373 2259 543 2342 elegiacos
575 2259 722 2344 puellam
746 2275 860 2326 amore
884 2276 947 2325 suo
971 2260 1091 2326 victam
1110 2256 1342 2339 patientiorem

165 2373 319 2434 vocasset
341 2387 423 2431 sono
439 2363 569 2447 Sicano,
595 2367 673 2451 quia
698 2365 832 2433 assidue
857 2366 979 2432 amoris
995 2366 1149 2431 flammas
1166 2366 1341 2450 exciperet,

165 2480 235 2540 tum
272 2473 491 2540 concederem
529 2471 655 2538 similes
691 2490 764 2540 esse
793 2474 899 2540 locos.
946 2471 1042 2553 Quae
1072 2479 1183 2538 autem
1208 2491 1341 2539 revera

167 2580 248 2647 dixit
263 2579 464 2665 Propertius,
488 2579 586 2645 aliam
605 2580 789 2647 ostendunt
804 2581 895 2647 verbi
907 2579 1041 2662 potiens
1058 2579 1340 2664 significationem
1370 2634 1373 2639 .

166 2694 265 2774 atque
291 2688 324 2754 in
348 2686 455 2754 Aetna
480 2693 599 2767 exstat;
625 2707 703 2754 nam
728 2707 803 2756 cum
829 2689 863 2754 in
888 2690 953 2755 hoc
977 2689 1123 2756 carmine
1147 2688 1242 2755 notio
1264 2688 1342 2753 insit

167 2794 224 2861 diu
263 2792 412 2880 patiendi
452 2800 485 2862 et
524 2794 678 2861 servandi
713 2797 821 2880 ignes,
857 2796 949 2881 apud
979 2795 1185 2880 Propertium
1222 2813 1342 2862 sensus

169 2901 344 2969 resistendi
372 2902 538 2968 invenitur
566 2908 598 2968 et
621 2902 710 2968 idem
738 2902 805 2969 fere
831 2903 998 2987 significat
1021 2921 1088 2970 vox
1112 2902 1205 2988 quod
1229 2902 1341 2968 durus.

166 3008 201 3075 ln
226 3012 371 3074 eundem
397 3008 538 3075 modum
555 3006 699 3074 Ovidius
715 3007 802 3094 (Am.
819 3009 840 3089 l,
862 3008 982 3097 l5‚3l)
1006 3009 1048 3076 de
1070 3009 1169 3077 dente
1181 3009 1343 3092 potientis
1393 3090 1396 3094 ²

166 3114 274 3180 aratri
288 3116 443 3201 loquitur.
491 3114 604 3196 Quare
621 3115 705 3181 inter
720 3116 816 3182 locos
831 3115 959 3183 Aetnae
980 3123 1012 3183 et
1027 3115 1234 3202 Propertium
1251 3117 1342 3183 nulla

167 3222 249 3289 ratio
278 3221 459 3290 intercedit.
506 3221 634 3287 Tamen
663 3222 734 3288 fieri
759 3229 880 3308 potest,
905 3229 940 3289 ut
964 3221 1006 3288 de
1030 3223 1141 3307 lapide
1166 3223 1282 3290 molari
1307 3223 1341 3289 in

167 3329 274 3414 elegia
310 3330 363 3395 illa
393 3328 612 3413 cogitandum
637 3329 688 3409 sit,
724 3347 825 3414 quem
850 3347 955 3415 prope
978 3327 1120 3395 Aetnam
1145 3331 1342 3414 saepissime

100 3507 103 3512 ,
168 3455 337 3504 occurrere
377 3443 462 3504 certe
503 3454 572 3503 non
608 3433 736 3503 Aetnae
772 3437 897 3503 auctori
933 3435 995 3502 soli
1031 3442 1150 3502 notum
1186 3442 1268 3516 erat;
1307 3436 1341 3501 id

33 3628 36 3632 Δ
168 3542 376 3609 Hildebrand
398 3549 430 3609 et
446 3543 513 3609 Birt
521 3541 545 3629 1)
562 3560 676 3609 verum
694 3550 820 3628 putant,
839 3561 915 3609 cum
932 3541 1106 3609 Rothstein
1124 3544 1274 3610 achatem
1293 3543 1341 3609 in·

167 3652 310 3736 tellegat.
357 3650 447 3717 Alias
464 3651 704 3736 explicationes
721 3652 871 3719 omittere
888 3648 1033 3735 liceat2);
1050 3649 1206 3735 equidem
1224 3669 1342 3716 saxum

167 3776 227 3843 pro
244 3775 407 3824 marmore
426 3757 501 3837 dici,
519 3764 554 3824 ut
571 3776 672 3842 saepe
690 3758 818 3837 accidit,
836 3763 868 3823 et
885 3775 1030 3823 marmor
1042 3755 1191 3823 Siculum
1205 3764 1342 3842 poetam

168 3864 343 3949 designare
356 3865 503 3932 voluisse
518 3864 727 3945 crediderim;
745 3863 838 3950 quod
851 3863 973 3949 lapidis
986 3882 1095 3948 genus
1108 3882 1178 3930 non
1192 3865 1343 3948 ignobile

166 3971 269 4036 fuisse
283 3976 315 4036 et
327 3970 462 4038 aliunde
476 3978 508 4038 et
520 3957 679 4038 e'Petroni
691 3989 788 4038 versu
800 3971 1025 4056 comperimus
1036 3970 1144 4057 (frgm.
1158 3971 1342 4058 XXX1V3):

280 4135 460 4196 „marmore
483 4112 615 4180 Sicanio
638 4111 751 4179 struxi
775 4113 841 4196 fibi,
867 4112 1035 4196 Delphice,
1061 4116 1246 4198 tempium.“

273 4418 296 4489 ¹)
314 4418 360 4485 H,
379 4417 469 4472 Beitr.
488 4435 516 4488 p.
530 4418 576 4488 213
596 4417 629 4472 B.
648 4417 753 4472 Philol.
769 4418 838 4473 1898
856 4436 882 4489 p.
897 4418 951 4473 604
969 4435 1010 4488 sq.

275 4509 297 4577 2)
316 4507 404 4562 Helm
416 4511 469 4560 aut
478 4507 623 4577 pumicem
632 4511 684 4561 aut
696 4507 766 4562 litus
780 4506 893 4562 Siciliae
907 4523 1047 4562 saxosum
1061 4506 1173 4570 (Σικελία
1183 4507 1344 4580 πετρήεσσα)

168 4595 326 4669 significari
344 4596 510 4668 suspicatus
529 4599 582 4652 ost.
