3022 5024
640 318 861 395 ..55-

166 537 341 623 invenitur,
377 537 532 609 ellectum
569 544 618 609 est
653 537 780 607 Lucreti
811 537 1007 620 imitatione,
1043 536 1100 625 qui
1125 555 1251 607 nomen
1276 534 1347 605 oni

164 647 287 716 muniis
321 649 455 734 saepius
491 649 524 715 in
559 666 674 716 versus
705 648 792 714 exitu
817 647 930 734 posuit
954 648 1008 728 ita,
1045 654 1080 714 ut
1104 647 1244 716 elisione
1269 667 1346 716 cum

164 758 268 826 verbo
292 755 501 824 antecedenti
526 756 784 840 coniungeretur
808 755 831 841 (l
856 756 891 835 4;
916 755 997 834 8023
1025 754 1109 821 1032
1133 774 1162 822 e.
1180 754 1246 843 al).

273 900 369 966 Hanc
393 899 541 984 regulam
568 900 636 965 iure
660 906 888 984 exposuerunt
910 920 962 966 vv.
980 896 1036 964 dd.
1054 898 1132 966 inde
1150 905 1253 966 ortam
1272 916 1347 967 esse

166 1006 259 1093 quod
284 1008 440 1074 homines
464 1007 591 1091 antiqui
616 1025 692 1073 eum
717 1024 848 1073 versum
874 1006 1121 1092 improbabant,
1146 1007 1241 1074 cuius
1265 1007 1348 1073 arsis

166 1115 282 1199 quinta
318 1114 522 1182 efficiebatur
557 1114 684 1200 syllaba
719 1112 875 1181 vocabuli
911 1113 1051 1180 alicuius
1082 1113 1214 1194 ultima;
1249 1113 1348 1181 valde

167 1222 256 1290 enim
295 1221 343 1288 eis
379 1221 498 1288 incisio
534 1221 643 1304 gravis
679 1227 757 1306 post
792 1221 878 1286 hauc
913 1219 1001 1286 arsin
1029 1219 1115 1287 iacta
1139 1219 1347 1306 displicebat.

67 1368 70 1373 ,
167 1327 278 1408 Quam
304 1333 339 1394 ut
361 1328 509 1406 vitarent,
535 1331 655 1412 poetae
680 1327 878 1393 recentiores
903 1344 1038 1411 operam
1062 1325 1239 1407 dederunt;
1265 1328 1348 1394 haec

167 1440 217 1501 est
240 1435 332 1500 tertia
356 1435 418 1513 lex,
444 1433 485 1499 ad
511 1452 611 1518 quam
637 1434 685 1499 eis
705 1451 820 1500 versus
836 1432 1001 1499 formandi
1026 1440 1127 1501 erant.
1174 1433 1222 1500 Ac
1242 1433 1348 1500 duris-

166 1542 288 1606 simum
314 1541 463 1607 habitum
482 1547 540 1619 est,
566 1541 594 1606 si
616 1541 702 1606 arsin
725 1540 825 1619 illam,
851 1558 937 1624 quae
955 1541 1064 1625 posita
1085 1541 1202 1607 eratin
1220 1540 1348 1627 syllaba

166 1648 259 1713 vocis
295 1647 419 1726 ultima,
455 1648 592 1714 verbum
629 1647 906 1733 tetrasyllabicum
940 1647 993 1714 vel
1023 1648 1120 1713 trium
1145 1646 1347 1777 sy5llabagum

167 1790 344 1873 longarum
369 1790 571 1873 sequebatur
593 1789 684 1856 velut
701 1790 733 1854 in
751 1789 877 1855 Lucreti
893 1790 923 1856 v.
941 1789 952 1854 l
969 1789 1045 1856 672.
1062 1826 1105 1835 -
1122 1790 1191 1873 pari
1208 1789 1347 1856 ratione.

169 1895 260 1961 Talia
285 1896 318 1961 in
344 1896 470 1962 Lucreti
495 1896 569 1962 l.Vl
594 1897 697 1962 semel
722 1897 755 1961 in
780 1897 844 1961 428
868 1916 931 1976 vv,
957 1897 990 1961 in
1016 1894 1135 1962 Catulli
1159 1896 1224 1962 797
1249 1896 1348 1961 hexa-

167 2003 280 2069 metris
314 2003 418 2068 semel
453 2004 485 2069 in
516 2003 568 2082 66,
594 2003 614 2067 4
637 2023 700 2082 νν.,
731 2003 764 2069 in
788 2002 958 2069 Aeneidos
987 2001 1047 2068 ll.l
1072 2009 1104 2069 et
1127 2001 1168 2068 lV
1180 2002 1284 2068 semel
1313 2003 1347 2069 in

167 2109 232 2175 365
256 2129 307 2176 vv.
333 2116 518 2189 occurrunt,
555 2128 629 2175 cum
667 2126 833 2193 nusquam
870 2110 1082 2175 inveniantur
1118 2110 1151 2175 in
1176 2107 1349 2177 Ciceronis

166 2214 304 2296 Arateis,
336 2214 436 2283 Ovidi
460 2216 803 2283 Translormationum
828 2216 848 2282 l.
865 2216 886 2295 l,
910 2215 1028 2282 Manili
1052 2215 1072 2282 l.
1089 2215 1191 2301 lV(in
1221 2223 1349 2284 ceteros

168 2323 338 2407 utriusque
356 2324 524 2408 scriptoris
541 2324 643 2389 libros
661 2324 723 2388 hac
739 2323 866 2390 ratione
883 2323 1047 2407 inquirere
1061 2322 1348 2411 supersedebam),

168 2428 258 2513 apud
295 2431 487 2515 posterioris
516 2431 631 2496 aetatis
661 2436 794 2515 poetas;
830 2448 873 2495 ne
898 2427 1062 2496 in-Aetna
1087 2429 1223 2515 quidem
1249 2431 1349 2497 huius

168 2536 213 2602 rei
244 2536 432 2621 exemplum
463 2543 577 2602 exstat.
625 2537 741 2602 lterum
773 2537 863 2623 hunc
890 2537 1083 2620 scriptorem
1113 2535 1256 2603 eandem
1282 2555 1349 2603 cer-

171 2643 283 2709 nimus
302 2643 463 2709 rationem
482 2643 647 2727 amplecti,
665 2660 730 2727 qua
744 2640 887 2709 Ovidius
900 2647 932 2708 et
944 2643 1000 2726 qui
1012 2643 1102 2709 hunc
1114 2643 1350 2727 sequebantur,

168 2750 219 2815 usi
244 2757 335 2829 sunt;
361 2767 503 2834 quorum
529 2768 669 2816 numero
695 2748 892 2816 inserendus
916 2749 984 2829 erit,
1010 2767 1120 2834 neque
1144 2751 1234 2817 enim
1258 2752 1349 2836 quic·

168 2874 269 2940 quam
295 2857 325 2921 ei
350 2875 425 2922 cum
452 2855 614 2923 Cicerone
639 2863 688 2922 est
712 2874 903 2923 commune.
1346 2860 1351 2869 '

275 2979 402 3045 Durum
417 2980 515 3046 etiam
531 2999 640 3065 neque
653 2988 766 3047 tamen
780 2980 865 3047 adeo
880 2981 999 3047 durum
1013 2981 1178 3075 duxerunt
1193 2983 1350 3051 homines

169 3087 297 3172 antiqui
332 3105 475 3167 versum,
504 3088 542 3152 in'
575 3106 643 3172 quo
674 3087 761 3154 duae
791 3087 843 3155 vel
872 3095 936 3154 tres
960 3106 1062 3155 voces
1085 3089 1173 3155 arsin
1198 3089 1350 3174 quintam

168 3195 408 3279 sequebantur;
445 3213 545 3279 quam
584 3213 651 3261 rem
689 3214 790 3281 saepe
826 3194 917 3280 apud
942 3194 1138 3262 Ciceronem
1174 3196 1350 3264 Horatium

169 3301 338 3368 Tibullum
371 3301 608 3369 Germanicum
645 3302 711 3386 legi
740 3301 856 3388 Meyer
886 3300 993 3369 docet.
1041 3302 1210 3370 Lucretius
1238 3310 1350 3371 autem

169 3409 274 3476 multo
292 3409 394 3474 rarius
411 3410 500 3475 hunc
518 3410 641 3475 exitum
660 3408 811 3475 adhibuit
828 3408 945 3494 (semel
965 3410 998 3474 in
1011 3430 1063 3476 vv.
1081 3409 1171 3495 428),
1183 3409 1351 3493 Vergilius

169 3515 203 3579 in
220 3514 380 3581 Aeneidis
404 3516 435 3581 ll.
452 3515 473 3581 l.
492 3523 523 3582 et
547 3516 587 3581 lV
604 3534 781 3600 nusquam,
807 3535 882 3581 cum
908 3517 942 3581 in
966 3516 1057 3582 libris
1081 3523 1251 3600 postremo
1270 3536 1350 3584 con·

169 3621 298 3705 scriptis
322 3640 393 3688 raro
419 3623 462 3688 ita
479 3623 699 3707 eloqueretur.
745 3620 794 3689 Ac
810 3624 983 3703 rationem,
1009 3642 1109 3707 quam
1128 3623 1162 3690 in
1179 3623 1270 3690 libris
1286 3623 1352 3691 illis

170 3728 342 3812 perpolitis
376 3727 547 3796 Aeneidos
583 3736 775 3815 usurpatam
813 3747 887 3795 esse
912 3731 1162 3814 cognoscimus
1198 3737 1352 3798 auctores

170 3835 370 3920 posteriores
395 3842 429 3901 ut
453 3834 596 3921 Ovidius
617 3836 844 3920 Maniliusque
869 3843 900 3903 et
924 3844 1104 3922 sequentes
1128 3845 1350 3920 servaverunt,

170 3960 246 4008 cum
272 3941 394 4027 quibus
418 3943 565 4027 scriptor,
591 3943 643 4009 cui
669 3961 805 4028 operam
831 3942 961 4024 damus,
985 3943 1063 4011 lecit
1086 3945 1174 4012 exitu
1198 3945 1253 4011 tali
1272 3964 1350 4012 nus·

169 4050 271 4117 boam
297 4047 456 4116 admisso.

276 4174 442 4240 Minorem
458 4175 562 4241 movit
579 4174 803 4242 offensionem
822 4176 1095 4263 monosyllabum
1111 4177 1144 4243 in
1159 4177 1221 4244 arsi
1235 4177 1350 4261 quinta

170 4283 329 4369 positum,
355 4299 560 4366 quamquam
578 4282 677 4348 etiam
696 4284 761 4350 hoc
778 4302 886 4368 paene
904 4284 1099 4364 evitabatur;
1124 4285 1152 4350 si
1170 4284 1250 4350 arsis
1268 4285 1351 4350 haec

171 4387 408 4475 monosyllabo
425 4386 565 4455 formata
583 4396 659 4469 erat,
677 4391 773 4474 sequi
790 4397 944 4474 poterant
960 4398 1017 4457 aut
1030 4409 1134 4457 unum
1147 4390 1350 4458 vocabulum

172 4496 343 4582 (quattuor
378 4495 579 4583 syllabarum
614 4496 666 4563 vel
700 4497 796 4564 trium
822 4498 1013 4586 longarum)
1038 4506 1095 4566 aut
1118 4498 1187 4568 duo
1211 4504 1268 4566 aut
1291 4497 1351 4567 tria
