3022 5024
647 360 868 435 „42..

277 572 344 646 Sed
378 595 453 646 cum
487 576 563 647 talia
597 579 767 648 enuntiata
798 578 897 648 etiam
929 549 1019 666 apud
1051 577 1135 650 alios
1166 578 1343 667 scriptores

63 682 66 687 ’
170 685 305 769 saepius
329 694 510 768 occurrant,
536 707 576 755 ex
600 689 648 754 eis
672 687 754 753 nihil
779 689 855 756 certi
873 695 984 773 potest
1008 687 1104 754 effici.
1138 687 1250 768 Quare
1275 689 1341 755 iam

169 791 353 859 videndum
379 801 428 860 est
464 794 505 860 de
529 796 628 862 rebus
652 795 849 880 geologicis.
889 796 1071 879 inquibus
1105 794 1342 881 pertractandis

170 899 266 982 quasi
290 900 438 983 regulam
464 902 550 968 hanc
573 909 759 986 sequuntur
779 903 996 968 sententiam:
1021 901 1099 968 inde
1124 900 1217 987 quod
1242 920 1342 988 supra

169 1014 286 1075 terram
316 1009 493 1089 cernimus,
530 1008 758 1095 colligendum
789 1027 863 1076 esse
892 1009 1069 1077 confidunt
1097 1009 1140 1075 ad
1168 1027 1218 1088 ea,
1254 1027 1341 1096 quae

170 1114 289 1183 intrat
276 1124 392 1183 terram
418 1123 504 1183 sunt.
552 1115 656 1197 Quod
680 1117 732 1182 his
757 1117 946 1201 exprimunt
933 1117 1094 1183 tvcrbis:

170 1221 732 1288 sueareaaaaaresreaaaoea
778 1221 1342 1305 N..Q11116‚4Saratettsabterra

170 1351 244 1394 ram
261 1330 373 1396 existet
364 1353 399 1396 re
422 1352 539 1396 causas
781 1329 892 1395 miuus
904 1330 1065 1396 uolut
1008 1351 1049 1394 aa
1052 1329 1174 1396 taiaaa
1190 1334 1340 1412 aatcarae,

169 1437 229 1502 sab
254 1442 341 1503 terra
364 1437 487 1503 similes
500 1439 626 1520 laurata,
651 1458 733 1520 qaas
777 1439 835 1501 sed
850 1458 917 1501 aaa
932 1436 1043 1502 atilius
1060 1440 1160 1516 sertia
1183 1439 1276 1502 erede
1291 1435 1341 1501 ia·

169 1545 333 1612 cernimus
357 1550 460 1612 extra.
775 1543 840 1627 fra,
855 1544 1016 1626 quidquid
1028 1544 1119 1610 vides
1130 1565 1244 1625 supra.

170 1653 231 1719 llis
259 1653 433 1719 sententiis
462 1652 714 1719 similitudinem
744 1653 843 1718 etiam
872 1653 1049 1718 verborum
1084 1650 1175 1717 haud
1204 1668 1340 1735 parvam

169 1760 279 1825 inesse
313 1760 382 1825 iurc
411 1759 543 1842 Wagler
571 1758 812 1844 pronuntiavit;
843 1756 999 1842 Alzinger
1027 1765 1137 1824 autem
1170 1758 1256 1824 hanc
1287 1776 1341 1824 ex-

169 1865 359 1951 plicaudam
384 1885 458 1932 esse
483 1864 655 1932 contendit
679 1884 697 1930 e
721 1865 894 1931 communi
917 1864 1026 1931 tonte:
1057 1865 1218 1944 Lucretio,
1250 1863 1342 1949 apud

168 1990 269 2058 quem
295 1974 377 2039 haec
400 1973 565 2057 leguntur.

212 2079 252 2145 VI
276 2079 340 2146 536
524 2077 561 2144 ia
579 2077 701 2160 pairais
725 2083 845 2144 tornata
867 2076 922 2161 fae
945 2083 983 2143 ut
1006 2099 1073 2143 esse
1097 2077 1202 2143 rearis

319 2190 434 2268 supter
456 2185 532 2252 item
555 2190 594 2251 aa
612 2207 733 2268 supera
755 2184 897 2251 ventosis
913 2185 1059 2267 audique
1076 2186 1212 2267 pieriam
1260 2234 1263 2241 .

318 2293 493 2375 speluncis,

168 2399 236 2467 Sed
260 2402 343 2468 mult
331 2408 365 2468 to
383 2402 483 2468 artius
500 2420 614 2467 secum
632 2419 815 2485 congruere
832 2399 959 2467 Aetnae
976 2401 1120 2467 auctoris
1145 2369 1177 2467 et
1192 2398 1341 2468 Senecae
1414 2404 1417 2408 ’

169 2509 269 2574 verba
300 2527 401 2593 quam
431 2528 506 2574 cum
532 2508 658 2575 Lucreti
686 2509 837 2575 versibus
861 2514 951 2593 patet
984 2525 1094 2592 neque
1129 2508 1191 2573 hac
1214 2508 1342 2574 ratione

169 2614 342 2681 infractum
368 2622 417 2681 est
440 2615 612 2695 iudicium,
642 2614 735 2699 quod
758 2615 832 2682 tulit
853 2614 1000 2699 Wagler:
1033 2614 1089 2679 hoo
1113 2613 1178 2679 ioco
1201 2612 1252 2678 aii
1274 2612 1343 2680 atsi

168 2719 308 2786 Senecae
330 2721 387 2786 sui
402 2722 497 2787 uerba
508 2721 677 2804 pedestria
700 2721 737 2786 ia
752 2742 866 2786 versas
881 2721 1084 2786 hexametros
1099 2720 1224 2805 redepit
1232 2715 1340 2803 poeta.

255 2828 330 2894 lam
341 2847 380 2895 cx
389 2827 569 2896 eislletnae
578 2830 736 2914 partibus
746 2829 780 2896 in
794 2829 916 2913 quibus
929 2827 1113 2895 doctrinam
1128 2829 1340 2913 geologicam

168 2942 284 3002 auctor
299 2937 441 3016 exhibet,
467 2937 629 3021 nonnulla
647 2937 779 3020 eligam,
805 2955 891 3020 quae
907 2953 1088 3003 commune
1112 2934 1194 3020 quid
1219 2936 1341 3002 habere

168 3061 244 3110 cum
268 3043 397 3110 Seneca
420 3044 583 3118 videntur.

273 3149 322 3216 Ac
354 3152 498 3236 primum
535 3152 670 3237 quidem
708 3159 808 3237 poeta
842 3152 981 3237 exponit
1015 3158 1131 3218 terram
1168 3149 1341 3216 canalibus

168 3257 366 3342 perforatam
396 3277 480 3337 esse,
510 3258 604 3343 quod
637 3277 841 3344 quamquam
873 3259 1103 3343 compluribus
1132 3256 1340 3324 Naturalium

169 3363 416 3444 Quaestionum
442 3366 525 3433 locis
549 3367 738 3452 explicatur,
762 3374 875 3434 tamen
900 3367 1067 3433 simillime
1089 3367 1123 3432 in
1140 3365 1160 3432 l.
1178 3364 1208 3430 V
1224 3383 1251 3431 c.
1268 3363 1337 3444 14‚1

168 3471 297 3556 legitur.
346 3472 507 3540 Conferas
530 3475 630 3541 velim
655 3474 752 3540 haec:

168 3579 211 3644 96
235 3600 302 3643 aaa
335 3578 443 3662 fossae
478 3580 580 3646 solido
616 3583 737 3647 desunt
779 3582 818 3662 V,
840 3582 909 3661 14‚l
941 3580 1019 3646 Noa
1049 3584 1113 3646 totu
1141 3579 1245 3646 solido
1269 3599 1341 3644 eoa-

168 3705 310 3767 aaraqae
333 3687 438 3752 ametis
461 3687 555 3752 hiatu
781 3692 873 3753 texta
911 3693 998 3753 terra
1035 3687 1073 3753 ia
1104 3687 1206 3752 iratam
1238 3707 1342 3770 aisque

167 3797 252 3857 secta
274 3797 322 3858 est
335 3793 439 3858 oaaais
451 3794 731 3876 altampetram·
776 3794 952 3877 deridetur,
976 3797 1034 3860 sed
1056 3794 1169 3859 metitis
1187 3793 1343 3876 partibas

167 3918 229 3980 pue
252 3905 367 3965 sacrata
392 3901 523 3966 latebris
781 3923 860 3968 aava
891 3907 922 3967 et
954 3901 1076 3985 „caeeis
1103 3922 1266 3984 suspensa
1294 3900 1342 3966 ta·

167 4005 269 4071 exiles
291 4028 451 4088 suspensa
474 4007 546 4072 vias
569 4008 670 4095 apis)
777 4009 890 4075 tebris“
904 4010 938 4096 ²).

273 4148 296 4220 Ι)
315 4149 359 4203 De
379 4153 520 4203 contextu
538 4168 566 4203 v.
581 4151 615 4204 96
634 4167 720 4221 supra
739 4151 777 4222 (p.
790 4151 837 4222 31)
857 4127 986 4207 disserui.

275 4240 296 4309 2)
315 4237 541 4294 Adnotaverunt
564 4258 612 4293 vv.
640 4240 686 4294 dd.
710 4239 746 4294 ad
769 4241 848 4296 huno
871 4242 970 4295 locum
994 4239 1080 4294 Ovidi
1103 4239 1173 4294 Met.
1198 4239 1284 4294 1388
1307 4269 1342 4279 -

166 4331 251 4386 caeeis
269 4332 380 4386 obseura
399 4331 526 4399 latebris;
545 4328 597 4383 sed
616 4347 683 4383 oum
702 4346 806 4385 sensus
825 4331 911 4401 plane
930 4330 1004 4384 alius
1023 4329 1062 4384 sit
1080 4327 1128 4398 (de
1147 4329 1244 4383 verbis
1264 4328 1342 4382 enim

166 4415 295 4486 loquitur
313 4418 421 4488 poeta),
441 4417 504 4472 fieri
523 4422 622 4489 potest
640 4423 674 4471 ut
692 4419 881 4490 philosophus
905 4419 1025 4490 Vergilii
1044 4434 1162 4472 versum
1186 4418 1216 4470 in
1244 4418 1341 4471 animo

166 4507 299 4563 habuerit
317 4511 382 4578 (aut
400 4509 483 4563 AIII
502 4509 555 4563 232
575 4541 608 4548 —
627 4513 763 4581 caecisque
782 4511 893 4567 latebris
910 4509 928 4561 l.
948 4507 982 4563 ol.
1002 4513 1055 4562 aut
1072 4507 1128 4575 111,
1148 4506 1202 4562 424
1221 4510 1342 4582 Scyllam

165 4598 252 4656 caseo
269 4600 369 4680 colibet
386 4601 515 4673 spelunea
532 4598 661 4686 latebris)
