3022 5024
618 371 840 444 ..15-

146 600 240 656 oram
272 584 333 655 elin
364 602 494 669 sonare,
529 605 605 657 cum
638 589 760 676 longas
791 606 893 659 voces
925 589 1047 661 bucina
1071 590 1207 662 emittat.
1254 591 1322 664 Sed

143 714 244 781 quam
270 713 362 762 oram
388 696 728 781 comprehendimus?
753 697 870 765 Fucini
894 698 987 766 lacus
1010 700 1115 784 ripam
1141 702 1320 786 significari

142 801 337 870 Wemsdorl
358 802 509 883 coniecit,
535 803 569 870 in
587 822 655 888 quo
679 823 708 870 a.
726 804 778 872 53.
804 824 836 890 p.
855 804 929 872 Chr.
956 805 1097 873 Claudio
1122 808 1320 894 imperatore

142 928 278 996 pugnae
310 911 437 978 navalis
468 911 695 996 spectaculum
727 912 853 979 editum
886 920 950 992 est;
987 915 1080 999 quod
1104 916 1156 982 his
1180 914 1320 984 Suetoni

142 1018 252 1085 verbis
292 1018 363 1085 viro
397 1017 593 1086 doctissimo
627 1020 758 1104 probari
788 1019 917 1087 videtur
951 1020 1081 1108 (Claud.
1115 1022 1213 1108 XXI):
1248 1022 1321 1089 Hor

141 1126 324 1210 spectaculo
348 1124 464 1191 elassis
486 1124 601 1192 Sicula
626 1130 657 1192 et
678 1125 811 1192 Rhodia
835 1133 1073 1194 eoueurrerrrrrt
1094 1130 1320 1196 duodenarum

143 1230 325 1298 triremium
358 1231 511 1315 stupratae
539 1231 684 1298 exciente
715 1233 834 1300 breina
869 1233 1003 1301 Tritone
1031 1241 1191 1320 argenteo,
1220 1237 1278 1321 qui
1306 1261 1322 1306 e

141 1339 246 1407 medio
271 1340 428 1423 increper
449 1339 634 1406 machinam
659 1345 840 1407 emerserat.
888 1342 998 1410 Liceat
1014 1344 1095 1412 mihi
1113 1345 1178 1412 hoc
1194 1353 1320 1430 puncto

142 1450 303 1534 temporis
348 1467 474 1535 ponere
518 1449 673 1515 homines
720 1456 790 1516 tum
830 1450 973 1534 primum
1012 1450 1181 1518 Tritonem
1221 1453 1319 1519 talem

143 1556 343 1641 aspexisse·
370 1555 494 1623 Nonne
528 1556 803 1622 verisimillimum
837 1564 887 1624 est
915 1559 1050 1642 saepius
1084 1558 1162 1624 inde
1191 1561 1321 1626 abhoc

142 1669 294 1748 tempore
323 1663 513 1729 machinam
546 1661 729 1730 adhibitam
755 1665 849 1730 esse?
886 1662 980 1729 Certe
1004 1670 1075 1730 tum
1101 1682 1171 1731 non
1196 1667 1261 1731 iam
1286 1667 1320 1732 in

143 1770 217 1836 lacu
247 1769 375 1836 Fucino
411 1768 471 1835 sed
503 1770 602 1836 etiam
636 1770 709 1836 aliis
733 1770 816 1837 locis
840 1777 970 1837 ostenta
996 1778 1046 1838 est
1069 1790 1128 1838 seu
1154 1773 1187 1839 in
1212 1772 1320 1839 Tiberi

143 1894 202 1943 seu
239 1877 273 1942 in
302 1877 383 1943 mari
413 1877 487 1962 ipso
516 1877 607 1944 velut
637 1874 763 1943 Ostiae.
811 1876 965 1958 Quodsi
990 1879 1033 1944 ita
1058 1896 1094 1944 se
1119 1880 1228 1959 habet,
1265 1899 1322 1946 cur

144 2003 213 2051 non
243 2002 353 2050 revera
382 1983 423 2050 de
453 2002 510 2050 ora
542 1984 705 2051 maritima
727 1983 855 2052 Aetnae
879 1992 994 2052 auctor
1022 1987 1167 2070 cogitare
1192 1988 1320 2071 potuit?

143 2089 256 2172 Quem
290 2090 442 2157 allusisse
472 2090 514 2157 ad
545 2093 768 2160 naumachian
793 2093 900 2176 ipsam
926 2111 944 2158 a
968 2091 1132 2159 Suetonio
1159 2101 1319 2160 nanatam

143 2215 215 2264 non
240 2199 377 2265 arbitror
400 2199 577 2282 mirorque,
603 2199 696 2283 qnod
710 2199 819 2265 -etiam
845 2198 866 2264 ii
887 2218 938 2266 vv.
957 2198 1012 2265 dd.
1031 2199 1095 2265 hoc
1112 2207 1320 2284 acceperunt,

143 2305 201 2389 qui
217 2303 358 2371 Aetnam
383 2311 461 2390 post
479 2304 643 2372 Senecam
669 2304 854 2372 conlectam
880 2323 954 2372 esse
979 2304 1216 2384 iudicaverunt,
1242 2325 1319 2372 nam

143 2413 171 2479 si
187 2411 228 2478 de
242 2411 296 2478 illa
307 2430 340 2478 re
353 2419 522 2479 auctorem
541 2412 706 2496 cogitasse
720 2412 852 2497 probari
866 2418 990 2497 posset,
1008 2416 1064 2477 aut
1076 2430 1105 2478 a.
1123 2410 1175 2478 53.
1194 2431 1225 2496 p.
1244 2411 1319 2478 Chr.

143 2527 200 2587 aut
223 2521 314 2588 brevi
338 2526 416 2605 post
439 2519 588 2586 libellum
607 2526 715 2587 ortum
733 2537 806 2587 esse
824 2538 932 2604 paene
950 2527 1073 2587 certum
1092 2526 1192 2599 esset;
1211 2520 1320 2604 spatio

144 2627 233 2694 enim
258 2626 406 2712 quodam
432 2628 593 2713 temporis
618 2628 807 2694 intermisso
825 2627 867 2693 de
884 2627 941 2694 illo
958 2627 1149 2712 spectaculo
1167 2645 1237 2693 non
1254 2627 1319 2692 iam

143 2733 267 2801 multos
305 2734 462 2801 homines
501 2733 692 2801 recordatos
730 2753 804 2800 esse
844 2753 1040 2819 persuasum
1077 2735 1222 2813 habebit,
1263 2735 1320 2818 qui

143 2841 300 2925 quotiens
316 2841 532 2925 imperatores
545 2839 689 2907 Romani
706 2841 824 2927 populi
842 2841 1096 2908 admirationem
1111 2843 1210 2908 rebus
1224 2841 1321 2908 novis

143 2954 175 3014 et
199 2947 356 3014 inauditis
381 2966 515 3015 movere
539 2947 735 3027 studuerint,
760 2948 957 3014 meminerit.

248 3054 322 3120 Jam
339 3073 418 3121 vero
435 3054 611 3139 quaeritur,
637 3074 717 3122 num
735 3056 885 3141 prolecto
902 3055 1046 3122 Tritonis
1070 3056 1225 3122 machina
1249 3061 1319 3120 tum

141 3162 302 3247 temporis
338 3162 481 3247 primum
518 3163 655 3247 cognita
680 3163 731 3230 sit.
779 3162 891 3244 Quam
922 3181 990 3228 rem
1021 3169 1056 3230 ut
1086 3162 1319 3242 diiudicemus,

43 3313 46 3316 -
143 3269 285 3354 primum
310 3268 495 3349 videamus,
521 3288 601 3335 num
627 3269 690 3336 alia
708 3254 841 3337 exstent
853 3270 1055 3349 testimonia,
1081 3268 1214 3347 deinde,
1239 3268 1321 3353 quid

142 3376 269 3443 ratione
294 3375 566 3442 concludendum
585 3377 636 3457 sit,
661 3376 913 3461 investigemus.
953 3375 1146 3441 Machinam
1172 3373 1318 3457 quidem,

142 3500 244 3567 quam
269 3482 323 3548 hic
347 3482 486 3574 scriptor
509 3482 672 3568 depingit,
698 3501 834 3568 prorsus
851 3482 1015 3548 diversam
1040 3499 1114 3547 esse
1139 3480 1319 3560 aTritone,

142 3589 199 3673 qui
223 3588 315 3674 apud
340 3589 510 3656 Heronem
536 3591 684 3671 occurrit,
709 3608 812 3656 nemo
830 3608 900 3657 non
916 3589 1021 3668 videt;
1047 3588 1101 3654 hic
1122 3587 1211 3653 enim
1237 3588 1319 3673 phy-

141 3695 231 3762 sicus
261 3695 304 3763 de
334 3696 539 3764 balinearum
572 3695 767 3765 fornacibus
802 3699 903 3765 verba
936 3697 1014 3763 iacit
1049 3701 1223 3779 narratque
1260 3695 1320 3761 has

141 3819 243 3887 saepe
277 3803 452 3869 instructas
483 3804 587 3870 tuisse
619 3804 731 3871 fistula
764 3804 796 3871 vi
826 3804 962 3887 vaporis
993 3802 1131 3887 agitata,
1166 3820 1251 3886 quae
1285 3803 1319 3867 in

141 3907 285 3976 Tritonis
318 3909 429 3994 pusilli
461 3910 603 3994 figuram
638 3910 804 3977 desineret
834 3910 1005 3996 (ζωδάρισν
1040 3911 1320 3996 ἐσχηματισμένον

138 4015 185 4092 ἐἰς
208 4013 354 4100 Τρίτωνα
378 4018 434 4080 καὶ
459 4019 533 4102 ἔχον
558 4019 591 4082 ἐν
615 4026 658 4102 τῷ
683 4018 815 4103 στόματι
834 4017 997 4102 σάλπιγγα
1022 4017 1162 4082 Pneum.
1187 4016 1269 4084 1135
1287 4036 1319 4102 p.

141 4120 207 4187 320
222 4120 350 4207 Schm.)
373 4122 531 4190 Machina
556 4131 667 4190 autem
692 4126 734 4191 ab
751 4123 882 4191 hetnae
899 4131 1033 4191 auctore
1058 4130 1319 4190 commemorata

140 4229 274 4314 vaporis
307 4230 472 4315 particeps
505 4249 575 4297 non
600 4239 659 4311 est,
695 4231 757 4297 sed
791 4237 866 4297 a'e‘re
900 4249 1016 4316 presso
1047 4237 1208 4309 movetur,
1243 4248 1318 4295 cum

141 4335 294 4400 collectus
318 4357 422 4418 aquae
445 4338 530 4403 aeris
547 4337 672 4404 aditum
691 4345 783 4423 regat
807 4338 860 4424 (cl.
879 4337 1086 4403 llildebrand
1104 4337 1123 4402 l.
1142 4338 1161 4404 l.
1180 4355 1211 4421 p.
1230 4334 1318 4420 439).

141 4440 312 4508 Praeterea
344 4442 490 4510 Heronis
518 4443 632 4511 Triton
667 4446 739 4531 ipse
770 4452 837 4512 tam
872 4446 962 4530 parvi
996 4445 1160 4510 momenti
1191 4448 1249 4523 est,
1285 4452 1320 4511 ut

142 4547 244 4614 risum
272 4556 430 4631 moveret,
460 4550 517 4634 qui
542 4551 670 4618 minuta
694 4553 748 4618 illa
771 4552 879 4636 ligura
903 4551 1075 4618 nominata
1099 4556 1206 4616 totum
1231 4569 1319 4635 opus

141 4652 308 4722 indicasse
332 4655 396 4723 sibi
418 4655 592 4724 videretur.
1360 4657 1362 4661 ’
