3022 5024
673 352 894 425 ..41-

195 576 365 655 terrarum,
400 569 482 641 alter
516 569 558 641 de
593 570 723 659 ignium
747 568 973 641 Aetnaeorum
1009 570 1185 658 eruptione
1220 568 1374 652 disseram

194 689 363 769 praeterea
378 682 619 749 sententiarum
635 681 857 766 discrepantia
870 681 1045 747 evincitur:
1063 699 1140 747 nam
1155 698 1231 747 cum
1244 678 1373 746 Seneca

194 797 300 859 terrae
323 795 500 857 tremorem
525 788 642 874 spiritu
667 789 701 855 in
719 788 868 855 cavernis
892 788 1087 872 ingentibus
1103 794 1269 873 concepto
1286 786 1374 853 effici

195 896 362 983 explanet,
390 895 471 963 alter
493 894 535 962 de
558 896 654 962 venis
677 902 806 962 tantum
831 902 865 962 et
886 895 1108 962 foraminibus
1132 896 1288 980 loquitur,
1317 912 1376 980 per

195 1022 284 1091 quae
307 1009 438 1071 cunant
460 1003 551 1071 venti
586 1002 641 1090 (cf.
673 1002 832 1072 Sudhaus
855 1022 888 1089 p.
906 1003 973 1089 80).
1020 1002 1132 1083 Quare
1168 1021 1373 1088 quamquam

194 1109 346 1178 Senecae
369 1109 649 1197 disceptationem
673 1109 717 1176 ad
741 1110 842 1177 alium
872 1116 1073 1177 auctorem
1098 1110 1250 1177 recedere
1275 1116 1374 1194 atque

195 1213 337 1285 Aetnam
362 1234 433 1284 non
457 1218 626 1303 probatur,
651 1224 765 1284 tamen
791 1234 863 1283 non
887 1216 1033 1283 eundem
1051 1216 1180 1303 physici
1199 1216 1373 1283 cuiusdam

195 1324 333 1392 -sive
362 1325 390 1390 is
418 1323 624 1392 Posidonius
654 1325 724 1391 sive
748 1322 1010 1409 Asclepiodotus
1033 1329 1150 1390 est-
1173 1324 1318 1390 librum
1343 1329 1376 1389 et

154 1496 158 1503 .
195 1429 345 1499 Senecae
389 1437 422 1497 et
464 1431 642 1515 scriptoris,
687 1449 787 1516 quem
832 1437 1020 1508 tractamus,
1065 1430 1234 1515 exemplar
1271 1430 1375 1496 fuisse

196 1544 344 1624 apparet.
390 1537 502 1622 ltaque
538 1538 595 1621 qui
632 1537 869 1605 similitudines
903 1538 996 1604 fonte
1030 1536 1182 1603 adhibito
1212 1537 1374 1622 explicare

195 1645 324 1726 volunt,
360 1652 394 1712 et
426 1643 591 1711 Senecam
625 1651 863 1730 auctoremque
896 1643 1025 1711 Aetnae
1058 1645 1303 1711 accuratissime
1338 1663 1374 1711 se

195 1751 240 1818 ad
272 1752 510 1837 exemplarium
539 1752 639 1819 verba
675 1752 863 1837 applicasse
900 1757 932 1818 et
960 1752 1072 1831 libros,
1108 1770 1125 1818 e
1155 1752 1278 1836 quibus
1314 1769 1374 1817 sua

197 1860 391 1939 hauserunt,
426 1865 599 1945 tantopere
623 1860 708 1926 inter
731 1877 767 1926 se
792 1859 1005 1926 consensisse
1031 1877 1156 1944 ponere
1182 1858 1315 1938 debent,
1340 1865 1376 1925 ut

198 1966 340 2051 scriptor
363 1965 417 2032 ille
434 1964 582 2033 Graecus
607 1984 643 2033 se
667 1967 777 2051 ipsum
796 1967 958 2052 respicere
979 1966 1158 2045 videretur3
1184 1964 1277 2050 quod
1294 1965 1374 2031 mihi

197 2072 335 2158 quidem
360 2073 506 2158 speciem
532 2072 774 2158 probabilitatis
799 2091 937 2158 praese
963 2072 1043 2139 ferre
1068 2090 1138 2139 non
1162 2071 1301 2139 videtur.

164 2171 170 2179 '
304 2176 372 2246 Sed
397 2179 597 2263 quaesiverit
620 2198 639 2246 a
664 2196 717 2246 me
741 2179 924 2264 quispiam:
950 2198 1034 2263 quas
1052 2179 1187 2245 maioris
1211 2179 1375 2244 momenti

200 2284 438 2353 similitudines
462 2285 635 2352 detexisti?
680 2285 754 2352 Jam
780 2284 937 2352 accedam
965 2285 1007 2350 ad
1032 2286 1119 2350 hanc
1143 2285 1375 2369 quaestionem

198 2409 301 2477 saepe
325 2391 519 2459 institutam.
566 2391 614 2459 ilc
638 2392 733 2460 locos
758 2393 928 2477 utriusque
953 2391 1131 2477 scriptoris,
1158 2393 1214 2476 qui
1240 2409 1375 2476 compa-

199 2496 294 2565 randi
311 2504 399 2579 sunt,
423 2497 554 2567 Jacobo
570 2499 739 2566 Munrone
764 2500 837 2566 aliis
854 2499 1092 2593 praeeuntibus
1113 2507 1377 2582 composuerunt
1490 2502 1495 2513 ‘

198 2604 332 2690 Wagler
377 2604 411 2671 in
451 2603 683 2673 dissertatione
719 2613 751 2673 et
790 2605 949 2672 Sudhaus
989 2606 1022 2672 in
1063 2604 1304 2672 commentario
1344 2611 1375 2672 et

199 2711 389 2797 nuperrime
406 2710 533 2779 Gercke
558 2713 592 2778 in
609 2713 811 2779 testimoniis
835 2711 877 2779 ad
901 2711 1109 2780 Naturalium
1127 2710 1374 2791 Quaestionum

200 2817 419 2904 editionem¹)
444 2817 575 2899 additis,
605 2819 662 2885 ubi
688 2819 964 2885 similitudinibus
988 2826 1085 2886 antea
1110 2818 1282 2904 patefactis
1306 2837 1375 2886 non

200 2943 327 3011 paucae
351 2926 394 2993 ab
419 2925 545 2992 editore
569 2925 717 2992 adiectae
742 2933 829 2992 sunt.

308 3031 553 3099 Similitudines
583 3038 706 3113 autem,
743 3051 829 3118 quae
865 3039 1051 3113 occurrunt,
1087 3051 1157 3099 non
1193 3034 1303 3100 solum
1333 3035 1376 3101 ad

200 3139 386 3207 doctrinam
412 3139 637 3223 geologicam,
673 3138 858 3206 sedetiam
893 3139 936 3205 ad
961 3145 1085 3205 ceteras
1121 3142 1304 3208 sententias
1333 3142 1376 3208 ab

200 3246 327 3314 Aetnae
351 3252 486 3313 auctore
509 3247 654 3332 prolatas
679 3248 854 3332 pertinent.
902 3246 1048 3330 Uterque
1074 3246 1163 3312 enim
1190 3248 1223 3314 in
1248 3254 1376 3332 poetas,

201 3356 259 3442 qui
281 3355 460 3422 inferorum
480 3354 646 3422 finxerunt
662 3354 858 3421 formidines
876 3354 1049 3433 invehitur,
1075 3361 1213 3438 uterque
1228 3354 1377 3438 fragores

201 3471 233 3531 et
265 3470 378 3530 motus
407 3462 545 3528 deorum
576 3479 664 3546 opus
693 3479 763 3527 non
794 3478 868 3526 esse
893 3459 1048 3538 affirmat;
1085 3467 1223 3544 uterque
1248 3461 1376 3527 homini

203 3570 372 3657 praecipit,
409 3575 446 3635 ut
474 3573 658 3652 cognoscat
689 3575 839 3633 naturam
865 3585 960 3646 neve,
997 3567 1075 3651 quia
1104 3567 1202 3633 solita
1225 3568 1301 3648 sint,
1338 3586 1377 3634 ea

201 3682 356 3755 transeat,
392 3693 479 3760 quae
514 3682 590 3741 ante
626 3674 731 3760 pedes
766 3675 841 3740 sint.
893 3672 1016 3739 hnimo
1051 3680 1161 3740 autem
1199 3693 1262 3742 nos
1291 3676 1378 3742 hanc

203 3790 354 3851 naturam
394 3782 611 3866 contemplari
652 3781 784 3860 debere,
824 3799 893 3847 non
934 3781 1041 3847 oculis
1080 3789 1264 3865 exponunt.
1326 3781 1377 3848 Ne

202 3908 423 3976 pavescamus
436 3889 478 3955 ad
493 3889 670 3973 fragorem,
688 3888 924 3972 inquirendum
943 3906 1016 3954 esse
1035 3889 1069 3954 in
1086 3905 1219 3968 causas;
1237 3888 1377 3955 timendi

202 3997 291 4064 enirn
322 4015 458 4062 causam
484 4014 557 4062 esse
589 3995 716 4061 nescire
740 3994 870 4061 Seneca
902 3995 990 4061 dicit.
1037 3995 1183 4079 Uterque
1209 3996 1376 4062 avaritiam

203 4105 341 4189 castigat
365 4110 397 4170 et
425 4103 525 4186 langa
554 4120 613 4186 per
640 4103 742 4167 maria
774 4108 943 4186 terrasque
974 4101 1088 4168 itinera
1118 4103 1245 4169 inutilia
1271 4102 1376 4181 ducit;

203 4230 265 4278 nec
289 4212 402 4277 minus
425 4209 626 4293 astrologiae
651 4227 787 4293 operam
814 4208 1004 4275 navandam
1030 4228 1103 4275 esse
1129 4216 1251 4289 censet.

308 4441 332 4514 ¹)
350 4440 448 4498 Editio
472 4442 558 4514 (Bibl.
582 4441 692 4497 Teubn.
718 4440 800 4513 1907)
824 4441 912 4497 eiiam
935 4439 1029 4495 indice
1053 4440 1157 4494 horum
1180 4438 1312 4493 locorum
1335 4439 1379 4493 in-

203 4535 314 4589 structa
332 4536 385 4589 ast.
871 4546 875 4553 ·
