3022 5024
529 1535 531 1540 ,
643 1416 802 1517 Caput
828 1415 860 1496 Ι.

268 1738 343 1806 Jam
375 1736 575 1805 accedamus
603 1735 645 1803 ad
676 1754 745 1803 rem
774 1736 987 1821 primumque
1015 1735 1206 1803 testimonia
1236 1735 1337 1802 nobis

163 1844 278 1912 tradita
296 1845 524 1930 inspiciamus.
559 1842 712 1923 Codices,
738 1843 772 1908 in
797 1861 940 1928 quorum
957 1842 1202 1928 subscriptione
1223 1848 1338 1909 auctor

163 1952 364 2032 nominatur,
398 1952 482 2018 inter
514 1969 550 2017 se
584 1950 800 2017 consentiunt
821 1949 947 2034 Vergili
978 1947 1120 2016 Aetnam
1154 1965 1239 2028 esse,
1272 1947 1337 2014 nisi
1402 1938 1405 1944 ’

164 2058 256 2144 quod
290 2058 490 2126 deteriorum
524 2055 724 2137 libellorum,
758 2057 881 2141 quibus
908 2056 1068 2124 'ltalorum
1102 2074 1227 2123 nomen
1260 2054 1337 2121 dare

164 2165 324 2244 solemus,
349 2163 503 2231 nonnulli
513 2163 538 2250 1)
563 2181 695 2230 carmen
714 2161 870 2229 Cornelio
888 2161 1012 2229 Severo
1030 2161 1223 2247 adsignant;
1245 2160 1336 2246 quod

165 2290 240 2339 cum
266 2277 351 2338 certe
375 2271 565 2337 coniectura
590 2269 712 2337 recenti
737 2287 777 2335 ex
793 2267 869 2334 loco
886 2267 1035 2335 Senecae
1060 2269 1142 2334 inira
1166 2266 1338 2334 afferendo

165 2378 306 2445 deducta
336 2376 490 2444 ellectum
515 2377 566 2456 sit,
597 2375 679 2442 nihil
703 2375 811 2442 valere
836 2381 982 2460 apparet.
1026 2374 1061 2440 ln
1086 2373 1202 2442 codice
1227 2380 1337 2440 autem

165 2484 317 2564 Lucensi,
342 2482 385 2550 ad
402 2501 503 2568 quem
528 2482 717 2550 referendas
741 2500 815 2549 esse
836 2481 1013 2548 verisimile
1038 2488 1088 2548 est
1111 2487 1144 2547 et
1166 2480 1338 2559 lectiones,

166 2609 251 2675 quae
279 2597 441 2657 vocantur
469 2589 681 2676 Gyraldinae,
712 2597 745 2656 et
773 2595 898 2656 textum
928 2608 946 2654 a
975 2587 1091 2655 codice
1116 2588 1338 2655 laurentiano

165 2698 363 2783 praebitum,
394 2697 572 2763 coniuncta
597 2701 665 2763 erat
687 2694 794 2762 Aetna
825 2713 900 2761 cum
925 2694 1101 2762 Claudiani
1126 2694 1338 2775 carminibus,

166 2805 199 2870 in
224 2821 367 2888 quorum
392 2821 533 2869 numero
551 2821 673 2888 poema
698 2801 791 2887 quod
807 2807 985 2870 tractamus
1001 2800 1141 2869 fortasse
1164 2807 1339 2887 propterea

166 2910 313 2996 positum
338 2916 415 2989 erat,
440 2911 526 2991 qnod
549 2907 627 2974 lonis
650 2907 822 2973 nonnullis
839 2906 980 2973 Aetnam
1004 2912 1227 2974 conmemorat
1242 2905 1340 2972 Olan-

166 3017 289 3083 da’nnns
327 3014 483 3103 (Wagler,
508 3016 558 3083 De
582 3015 689 3082 Aetna
714 3034 826 3101 poem.
855 3022 982 3100 quaest.
1000 3017 1067 3082 crit.
1085 3034 1118 3100 p.
1139 3013 1202 3100 10).
1249 3013 1339 3080 Num

98 3146 100 3151 ¹
166 3124 235 3191 iure
268 3123 419 3190 librarius
441 3121 583 3190 Aetnam
616 3121 683 3189 illic
715 3123 956 3202 collocavisset,
990 3123 1055 3188 iam
1086 3120 1253 3208 Gyraldus
1286 3121 1340 3188 ille

167 3228 339 3310 dubitavit,
364 3247 474 3314 neque
498 3236 548 3296 est
572 3230 763 3309 obscurum,
793 3229 874 3314 quin
899 3227 1104 3295 Claudianus
1132 3234 1247 3294 auctor
1269 3246 1340 3294 non

167 3337 217 3403 sit.
242 3334 340 3417 Quae
364 3355 439 3403 cum
465 3337 509 3402 ita
533 3337 608 3417 sint,
633 3336 667 3401 in
692 3335 783 3402 libris
806 3335 888 3401 nihil
913 3335 977 3401 nisi
1000 3334 1181 3419 Vergilium
1207 3351 1340 3400 carmen

168 3441 360 3510 condidisse
383 3442 527 3510 traditur.

273 3549 392 3634 Neque
424 3569 503 3617 vero
537 3550 637 3635 plane
668 3549 757 3616 idem
791 3549 915 3617 docent
948 3549 1238 3634 grammaticorum
1270 3547 1340 3614 lati-

169 3675 288 3723 norum
318 3656 450 3737 iudicia,
480 3675 574 3741 quae·
594 3663 773 3724 servantur.
825 3655 971 3723 Alterum
1001 3663 1107 3723 exstat
1135 3657 1168 3721 in
1192 3656 1258 3722 vita
1287 3655 1341 3722 illa
1374 3675 1376 3678 ·

167 3761 367 3847 Vergiliana,
398 3782 499 3848 quam
524 3762 614 3829 haud
642 3762 742 3848 plane
767 3769 852 3830 recte
883 3763 946 3830 sub
971 3763 1095 3830 Donati
1119 3763 1258 3828 nomine
1283 3763 1341 3829 cir·

169 3869 320 3935 cumierri
348 3869 488 3949 scimus;
518 3869 710 3954 composuit
737 3870 828 3936 enim
857 3888 931 3936 eam
960 3868 1154 3950 Suetonius,
1187 3869 1342 3936 Donatus
1446 3954 1450 3963 .

169 3975 351 4042 retractavit
380 3982 509 4043 tantum
543 3983 575 4042 et
607 3977 706 4043 auxit.
738 3976 792 4063 (cl.
816 3976 967 4043 Nordeni
998 3975 1276 4062 disceptationem
1308 3976 1341 4043 in

168 4081 257 4147 Mus.
271 4081 376 4148 Rhen.
394 4082 478 4148 1906
496 4101 528 4167 p.
539 4082 605 4148 ’167
623 4083 830 4169 institutam).
866 4082 913 4149 lbi
931 4083 1014 4149 haec
1025 4082 1184 4166 legimus:
1209 4081 1344 4164 scripsit

168 4186 252 4271 (soil.
276 4187 452 4272 Venpn‘lins)
476 4188 573 4254 etiarn
596 4191 635 4254 de
659 4209 724 4271 qna
748 4188 924 4272 anbipilan
940 4187 1080 4255 Aetnam
1104 4188 1209 4274 (Suet.
1235 4187 1286 4255 ed.
1304 4187 1341 4254 R.

170 4313 202 4380 p.
224 4295 292 4381 58).
327 4294 485 4363 ‘Alterum
519 4303 631 4363 autem
664 4296 894 4363 testimonium
928 4298 962 4362 in
990 4295 1083 4363 Servi
1117 4295 1160 4362 ad
1192 4293 1344 4361 Aeneida

169 4457 383 4469 ...η-...-

280 4543 303 4621 ¹)
321 4543 388 4603 vau.
401 4543 472 4600 3272
485 4547 517 4601 at
529 4541 624 4600 codex
636 4560 653 4600 a
665 4542 811 4601 Munrone
830 4549 849 4610 ζ
861 4543 1038 4612 nominatus,
1053 4541 1088 4599 oi.
1103 4541 1175 4599 Ellis
1189 4560 1216 4618 p.
1229 4541 1342 4602 XXIII.
