3022 5024
638 1646 798 1746 Caput
814 1645 872 1726 V.

273 1964 339 2030 lam
369 1963 450 2028 mihi
479 1980 569 2027 nunc
599 1972 791 2047 scrutatum,
821 1965 903 2051 quid
931 1966 973 2033 de
996 1965 1124 2034 Aetnae
1152 1985 1185 2033 re
1210 1966 1345 2034 metrica

167 2072 209 2138 ad
234 2072 466 2156 quaestionem
492 2078 638 2138 nostram
663 2072 912 2139 diiudicandam
939 2073 1020 2139 disci
1045 2075 1161 2160 possit,
1191 2092 1344 2159 praemo-

167 2178 316 2246 nendum
342 2186 391 2245 est
415 2197 468 2244 me
489 2178 595 2246 lacere
614 2198 682 2246 non
700 2199 812 2265 posse,
837 2186 873 2246 ut
887 2187 992 2247 totam
1010 2181 1165 2247 carminis
1181 2181 1344 2248 rationem

167 2286 335 2351 metricam
360 2304 436 2351 cum
462 2292 528 2352 arte
557 2305 576 2351 a
600 2287 715 2353 ceteris
740 2287 827 2352 illius
850 2287 922 2353 aevi
947 2287 1056 2372 poetis
1080 2287 1228 2354 adhibita
1253 2306 1345 2354 com·

166 2411 295 2478 parem3
332 2391 499 2458 eiusmodi
535 2393 624 2458 enim
663 2392 859 2478 disceptatio
885 2393 1069 2477 compluria
1093 2394 1346 2478 amplecteretur

165 2499 337 2567 volumina
360 2500 447 2579 talia,
473 2499 571 2583 quale
595 2519 614 2565 a
638 2498 781 2566 Frankio
807 2500 996 2567 coniectum
1021 2506 1071 2566 est
1081 2499 1114 2585 1).
1168 2499 1232 2567 Hic
1254 2501 1344 2567 enim

167 2606 398 2672 dissertatione
427 2605 682 2690 diligentissima
714 2625 799 2691 quae
831 2608 912 2674 ratio
937 2607 1021 2674 inter
1044 2604 1287 2690 Georgicorum
1314 2614 1347 2674 et

165 2710 292 2778 Aetnae
331 2731 399 2778 rem
440 2713 609 2778 metricam
649 2700 863 2781 intercederet
902 2713 1087 2798 indagavit;
1128 2719 1227 2796 atque
1268 2703 1347 2797 post

167 2818 333 2903 Georgica
368 2819 516 2885 libellum
554 2821 644 2886 hunc
673 2819 845 2886 conditum
870 2839 945 2887 esse
969 2820 1130 2906 probavit.
1178 2818 1345 2904 Equidem

169 2933 205 2992 ut
229 2926 428 3009 investigare
453 2944 562 3005 coner,
588 2945 668 2991 num
695 2928 792 2992 etiam
818 2927 893 3012 plus
917 2946 958 2992 ex
982 2928 1043 2992 hac
1059 2945 1092 2993 re
1117 2925 1203 2992 effici
1227 2927 1345 3011 possit,

167 3033 339 3113 nonnulla,
366 3033 557 3117 quaemihi
583 3033 674 3099 utilia
697 3033 852 3100 videntur
875 3051 959 3113 esse,
985 3033 1117 3118 eligam.

200 3252 203 3259 7
272 3156 320 3224 Ac
343 3158 486 3244 primum
512 3157 648 3242 quidem
675 3157 716 3225 de
740 3177 895 3225 versuum
921 3158 1079 3225 clausulis
1095 3157 1266 3243 agendum
1285 3163 1344 3223 est.

165 3264 244 3331 Tres
277 3266 370 3349 leges
404 3265 512 3348 magis
546 3265 722 3350 magisque
755 3265 847 3350 apud
871 3272 989 3350 poetas
1013 3264 1187 3332 Romanos
1211 3271 1346 3331 sanctas

167 3391 240 3439 esse
276 3379 372 3439 acute
408 3373 615 3457 copioseque
640 3379 866 3458 exposuerunt
890 3373 939 3438 W.
964 3373 1080 3458 Meyer
1104 3378 1137 3439 et
1159 3370 1298 3438 Norden
1308 3371 1345 3458 2).

165 3480 273 3546 Prima
312 3480 387 3563 lege
422 3486 566 3558 cautum,
603 3498 645 3546 ne
683 3498 750 3546 vox
779 3479 1050 3566 monosyllabica
1086 3497 1218 3545 versum
1256 3477 1344 3544 clau-

166 3587 271 3666 deret;
309 3584 484 3671 quomodo
520 3594 640 3672 poetae
676 3587 768 3653 latini
805 3586 1052 3653 observaverint
1088 3586 1153 3652 hoc
1188 3603 1346 3671 praecep·

165 3699 247 3773 tum,
273 3712 313 3759 ex
337 3694 400 3759 hac
424 3694 531 3760 elucet
554 3694 686 3774 tabella,
712 3694 806 3761 cuius
831 3711 990 3760 numeros
1014 3694 1132 3779 partim
1157 3694 1229 3778 ipse
1253 3711 1346 3760 com-

166 3801 275 3884 posui,
302 3801 419 3885 partim
445 3819 463 3866 e
490 3801 738 3867 commentariis
763 3799 905 3866 laudatis
931 3799 1115 3885 desumpsi.
1161 3800 1345 3867 Auctomm

166 3907 363 3973 nominibus
395 3926 570 3973 numerum
596 3906 756 3992 adscripsi
779 3924 947 3986 versuum,
977 3907 1011 3973 in
1040 3924 1127 3991 quos
1148 3906 1346 3992 inquisitum

166 4021 225 4094 est,
274 4013 396 4080 deinde
443 4014 664 4080 clausularum
711 4015 831 4081 vocula
878 4015 1113 4101 monosyllaba
1153 4013 1345 4081 effectarum

166 4140 342 4188 numerum
367 4123 490 4201 notavi,
516 4129 683 4207 praeterea
708 4122 960 4207 proportionem
985 4120 1109 4188 addidi.

272 4371 295 4443 1)
315 4371 378 4426 Jos
398 4370 518 4436 Franke‚
538 4371 583 4424 De
602 4370 716 4424 Aetnae
735 4386 767 4424 re
785 4376 877 4437 metr„
897 4370 987 4441 Marp.
1009 4369 1086 4425 1898.

273 4462 295 4532 2)
315 4461 402 4516 Wilh.
415 4459 525 4533 Meyer,
545 4460 612 4514 Sitz.
628 4459 654 4513 d.
667 4458 785 4514 Mttnoh.
799 4459 853 4514 Ak.
868 4459 938 4514 1884
956 4478 983 4531 p.
998 4459 1075 4527 1033,
1094 4458 1212 4515 Norden
1227 4459 1345 4514 Komm.

165 4567 192 4622 p.
206 4549 260 4606 420
277 4567 337 4622 sqq.
