<?xml version="1.0" encoding="UTF-8"?>
<!DOCTYPE html PUBLIC "-//W3C//DTD XHTML 1.0 Transitional//EN"
    "http://www.w3.org/TR/xhtml1/DTD/xhtml1-transitional.dtd">
<html xmlns="http://www.w3.org/1999/xhtml" xml:lang="en" lang="en">
 <head>
  <title>
</title>
<meta http-equiv="Content-Type" content="text/html;charset=utf-8" />
  <meta name='ocr-system' content='tesseract 3.04.00' />
  <meta name='ocr-capabilities' content='ocr_page ocr_carea ocr_par ocr_line ocrx_word'/>
</head>
<body>
  <div class='ocr_page' id='page_1' title='image "./deaetnaeaetate00cathgoog_0060.png"; bbox 0 0 3022 5024; ppageno 0'>
   <div class='ocr_carea' id='block_1_1' title="bbox 683 377 908 446">
    <p class='ocr_par' dir='ltr' id='par_1_1' title="bbox 683 377 908 446">
     <span class='ocr_line' id='line_1_1' title="bbox 683 377 908 446; baseline 0 -19"><span class='ocrx_word' id='word_1_1' title='bbox 683 377 908 446; x_wconf 78' lang='lat'>...53-</span> 
     </span>
    </p>
   </div>
   <div class='ocr_carea' id='block_1_2' title="bbox 194 589 1385 999">
    <p class='ocr_par' dir='ltr' id='par_1_2' title="bbox 194 589 1385 999">
     <span class='ocr_line' id='line_1_2' title="bbox 205 589 1384 679; baseline 0 -19"><span class='ocrx_word' id='word_1_2' title='bbox 205 589 350 679; x_wconf 91' lang='lat' dir='ltr'><strong>Uterque</strong></span> <span class='ocrx_word' id='word_1_3' title='bbox 368 591 507 677; x_wconf 78' lang='lat' dir='ltr'>scriptor</span> <span class='ocrx_word' id='word_1_4' title='bbox 523 590 666 658; x_wconf 70' lang='lat' dir='ltr'><strong>animnos</strong></span> <span class='ocrx_word' id='word_1_5' title='bbox 681 591 861 658; x_wconf 76' lang='lat' dir='ltr'><strong>sensiauios</strong></span> <span class='ocrx_word' id='word_1_6' title='bbox 877 592 1052 675; x_wconf 86' lang='lat' dir='ltr'><strong>adamavit,</strong></span> <span class='ocrx_word' id='word_1_7' title='bbox 1072 601 1209 679; x_wconf 89' lang='lat' dir='ltr'><strong>uterque</strong></span> <span class='ocrx_word' id='word_1_8' title='bbox 1222 594 1384 679; x_wconf 90' lang='lat' dir='ltr'><strong>permulta</strong></span> 
     </span>
     <span class='ocr_line' id='line_1_3' title="bbox 194 699 1385 786; baseline 0.001 -19"><span class='ocrx_word' id='word_1_9' title='bbox 194 700 329 780; x_wconf 91' lang='lat' dir='ltr'><strong>omisit,</strong></span> <span class='ocrx_word' id='word_1_10' title='bbox 351 718 437 785; x_wconf 88' lang='lat' dir='ltr'><strong>quae</strong></span> <span class='ocrx_word' id='word_1_11' title='bbox 455 701 554 767; x_wconf 93' lang='lat' dir='ltr'><strong>nobis</strong></span> <span class='ocrx_word' id='word_1_12' title='bbox 571 699 804 768; x_wconf 86' lang='lat' dir='ltr'><strong>subaudienda</strong></span> <span class='ocrx_word' id='word_1_13' title='bbox 821 707 909 781; x_wconf 91' lang='lat' dir='ltr'><strong>sunt,</strong></span> <span class='ocrx_word' id='word_1_14' title='bbox 934 707 1071 786; x_wconf 90' lang='lat' dir='ltr'><strong>uterque</strong></span> <span class='ocrx_word' id='word_1_15' title='bbox 1089 701 1385 768; x_wconf 88' lang='lat' dir='ltr'><strong>coniunctionibus</strong></span> 
     </span>
     <span class='ocr_line' id='line_1_4' title="bbox 205 806 1385 894; baseline 0.003 -23"><span class='ocrx_word' id='word_1_16' title='bbox 205 807 454 874; x_wconf 82' lang='lat' dir='ltr'><strong>enuntiationes</strong></span> <span class='ocrx_word' id='word_1_17' title='bbox 474 807 701 892; x_wconf 84' lang='lat' dir='ltr'><strong>constringere</strong></span> <span class='ocrx_word' id='word_1_18' title='bbox 718 825 820 893; x_wconf 87' lang='lat' dir='ltr'><strong>saepe</strong></span> <span class='ocrx_word' id='word_1_19' title='bbox 837 809 1048 894; x_wconf 84' lang='lat' dir='ltr'><strong>contempsit.</strong></span> <span class='ocrx_word' id='word_1_20' title='bbox 1095 806 1166 876; x_wconf 84' lang='lat' dir='ltr'><strong>Suo</strong></span> <span class='ocrx_word' id='word_1_21' title='bbox 1184 809 1253 875; x_wconf 89' lang='lat' dir='ltr'><strong>iure</strong></span> <span class='ocrx_word' id='word_1_22' title='bbox 1269 806 1385 874; x_wconf 91' lang='lat' dir='ltr'><strong>Hilde-</strong></span> 
     </span>
     <span class='ocr_line' id='line_1_5' title="bbox 204 911 1383 999; baseline 0.003 -21"><span class='ocrx_word' id='word_1_23' title='bbox 204 911 381 979; x_wconf 89' lang='lat' dir='ltr'><strong>brandium</strong></span> <span class='ocrx_word' id='word_1_24' title='bbox 407 913 572 980; x_wconf 88' lang='lat' dir='ltr'><strong>iudicasse</strong></span> <span class='ocrx_word' id='word_1_25' title='bbox 596 920 678 999; x_wconf 89' lang='lat' dir='ltr'><strong>puto</strong></span> <span class='ocrx_word' id='word_1_26' title='bbox 704 915 790 980; x_wconf 90' lang='lat' dir='ltr'><strong>hanc</strong></span> <span class='ocrx_word' id='word_1_27' title='bbox 814 915 946 998; x_wconf 87' lang='lat' dir='ltr'><strong>generis</strong></span> <span class='ocrx_word' id='word_1_28' title='bbox 974 913 1108 981; x_wconf 90' lang='lat' dir='ltr'><strong>dicendi</strong></span> <span class='ocrx_word' id='word_1_29' title='bbox 1131 913 1383 981; x_wconf 89' lang='lat' dir='ltr'><strong>similitudinem</strong></span> 
     </span>
    </p>
   </div>
   <div class='ocr_carea' id='block_1_3' title="bbox 204 1019 1488 1107">
    <p class='ocr_par' dir='ltr' id='par_1_3' title="bbox 204 1019 1488 1107">
     <span class='ocr_line' id='line_1_6' title="bbox 204 1019 1488 1107; baseline 0.002 -21"><span class='ocrx_word' id='word_1_30' title='bbox 204 1019 302 1086; x_wconf 92' lang='lat' dir='ltr'><strong>etiam</strong></span> <span class='ocrx_word' id='word_1_31' title='bbox 356 1025 507 1105; x_wconf 90' lang='lat' dir='ltr'><strong>tempora</strong></span> <span class='ocrx_word' id='word_1_32' title='bbox 558 1021 678 1086; x_wconf 85' lang='lat' dir='ltr'><strong>similia</strong></span> <span class='ocrx_word' id='word_1_33' title='bbox 730 1020 875 1088; x_wconf 91' lang='lat' dir='ltr'><strong>indicare</strong></span> <span class='ocrx_word' id='word_1_34' title='bbox 925 1020 1028 1089; x_wconf 90' lang='lat' dir='ltr'><strong>videri</strong></span> <span class='ocrx_word' id='word_1_35' title='bbox 1079 1028 1112 1089; x_wconf 84' lang='lat' dir='ltr'><strong>et</strong></span> <span class='ocrx_word' id='word_1_36' title='bbox 1158 1041 1208 1103; x_wconf 84' lang='lat' dir='ltr'><strong>ea,</strong></span> <span class='ocrx_word' id='word_1_37' title='bbox 1261 1022 1384 1107; x_wconf 90' lang='lat' dir='ltr'><strong>quibus</strong></span> <span class='ocrx_word' id='word_1_38' title='bbox 1483 1056 1488 1061; x_wconf 97' lang='lat'>·</span> 
     </span>
    </p>
   </div>
   <div class='ocr_carea' id='block_1_4' title="bbox 204 1125 1387 1953">
    <p class='ocr_par' dir='ltr' id='par_1_4' title="bbox 204 1125 1387 1855">
     <span class='ocr_line' id='line_1_7' title="bbox 206 1125 1385 1214; baseline 0.003 -23"><span class='ocrx_word' id='word_1_39' title='bbox 206 1125 436 1206; x_wconf 85' lang='lat' dir='ltr'><strong>Quintilianus</strong></span> <span class='ocrx_word' id='word_1_40' title='bbox 461 1125 503 1193; x_wconf 93' lang='lat' dir='ltr'><strong>de</strong></span> <span class='ocrx_word' id='word_1_41' title='bbox 520 1127 722 1214; x_wconf 88' lang='lat' dir='ltr'><strong>quibusdam</strong></span> <span class='ocrx_word' id='word_1_42' title='bbox 741 1127 938 1213; x_wconf 88' lang='lat' dir='ltr'><strong>aequalibus</strong></span> <span class='ocrx_word' id='word_1_43' title='bbox 955 1128 1048 1195; x_wconf 85' lang='lat' dir='ltr'><strong>dixit:</strong></span> <span class='ocrx_word' id='word_1_44' title='bbox 1073 1127 1181 1194; x_wconf 81' lang='lat' dir='ltr'><strong>solutu</strong></span> <span class='ocrx_word' id='word_1_45' title='bbox 1196 1127 1265 1212; x_wconf 79' lang='lat' dir='ltr'><strong>fere</strong></span> <span class='ocrx_word' id='word_1_46' title='bbox 1280 1127 1385 1195; x_wconf 76' lang='lat' dir='ltr'><strong>oratio</strong></span> 
     </span>
     <span class='ocr_line' id='line_1_8' title="bbox 205 1231 1387 1317; baseline 0.003 -20"><span class='ocrx_word' id='word_1_47' title='bbox 205 1237 235 1297; x_wconf 85' lang='lat' dir='ltr'><strong>et</strong></span> <span class='ocrx_word' id='word_1_48' title='bbox 258 1253 274 1298; x_wconf 84' lang='lat' dir='ltr'><strong>a</strong></span> <span class='ocrx_word' id='word_1_49' title='bbox 296 1231 439 1316; x_wconf 72' lang='lat' dir='ltr'><strong>siliquiis</strong></span> <span class='ocrx_word' id='word_1_50' title='bbox 466 1254 533 1298; x_wconf 83' lang='lat' dir='ltr'><strong>non</strong></span> <span class='ocrx_word' id='word_1_51' title='bbox 560 1233 710 1300; x_wconf 80' lang='lat' dir='ltr'><strong>ruernbris</strong></span> <span class='ocrx_word' id='word_1_52' title='bbox 737 1237 794 1299; x_wconf 78' lang='lat' dir='ltr'><strong>aeci</strong></span> <span class='ocrx_word' id='word_1_53' title='bbox 821 1233 941 1317; x_wconf 78' lang='lat' dir='ltr'><strong>frustis</strong></span> <span class='ocrx_word' id='word_1_54' title='bbox 964 1233 1082 1300; x_wconf 78' lang='lat' dir='ltr'><strong>colia-tu</strong></span> <span class='ocrx_word' id='word_1_55' title='bbox 1105 1239 1274 1301; x_wconf 72' lang='lat' dir='ltr'><strong>structura</strong></span> <span class='ocrx_word' id='word_1_56' title='bbox 1297 1238 1387 1301; x_wconf 75' lang='lat' dir='ltr'><strong>curet</strong></span> 
     </span>
     <span class='ocr_line' id='line_1_9' title="bbox 205 1338 1384 1426; baseline 0.003 -21"><span class='ocrx_word' id='word_1_57' title='bbox 205 1338 283 1424; x_wconf 90' lang='lat' dir='ltr'>(VIII</span> <span class='ocrx_word' id='word_1_58' title='bbox 306 1339 337 1420; x_wconf 91' lang='lat'><strong>5,</strong></span> <span class='ocrx_word' id='word_1_59' title='bbox 351 1338 417 1425; x_wconf 84' lang='lat'>27).</span> <span class='ocrx_word' id='word_1_60' title='bbox 465 1338 603 1426; x_wconf 88' lang='lat' dir='ltr'><strong>Optime</strong></span> <span class='ocrx_word' id='word_1_61' title='bbox 627 1348 795 1426; x_wconf 89' lang='lat' dir='ltr'><strong>praeterea</strong></span> <span class='ocrx_word' id='word_1_62' title='bbox 818 1361 848 1407; x_wconf 85' lang='grc' dir='ltr'><strong>ν.</strong></span> <span class='ocrx_word' id='word_1_63' title='bbox 866 1341 898 1407; x_wconf 92' lang='lat' dir='ltr'><strong>d.</strong></span> <span class='ocrx_word' id='word_1_64' title='bbox 917 1342 1176 1410; x_wconf 85' lang='lat' dir='ltr'><strong>commonefecit</strong></span> <span class='ocrx_word' id='word_1_65' title='bbox 1199 1342 1233 1409; x_wconf 91' lang='lat' dir='ltr'><strong>in</strong></span> <span class='ocrx_word' id='word_1_66' title='bbox 1256 1341 1384 1410; x_wconf 76' lang='lat' dir='ltr'><strong>Aetnae</strong></span> 
     </span>
     <span class='ocr_line' id='line_1_10' title="bbox 205 1446 1384 1534; baseline 0.004 -23"><span class='ocrx_word' id='word_1_67' title='bbox 205 1453 373 1513; x_wconf 89' lang='lat' dir='ltr'><strong>auctorem</strong></span> <span class='ocrx_word' id='word_1_68' title='bbox 399 1446 490 1513; x_wconf 91' lang='lat' dir='ltr'><strong>haud</strong></span> <span class='ocrx_word' id='word_1_69' title='bbox 513 1448 598 1514; x_wconf 91' lang='lat' dir='ltr'><strong>male</strong></span> <span class='ocrx_word' id='word_1_70' title='bbox 624 1448 802 1514; x_wconf 91' lang='lat' dir='ltr'><strong>convenire</strong></span> <span class='ocrx_word' id='word_1_71' title='bbox 820 1446 969 1515; x_wconf 87' lang='lat' dir='ltr'><strong>Senecae</strong></span> <span class='ocrx_word' id='word_1_72' title='bbox 993 1448 1199 1534; x_wconf 87' lang='lat' dir='ltr'><strong>philosophi,</strong></span> <span class='ocrx_word' id='word_1_73' title='bbox 1224 1449 1317 1534; x_wconf 88' lang='lat' dir='ltr'><strong>quod</strong></span> <span class='ocrx_word' id='word_1_74' title='bbox 1341 1448 1384 1516; x_wconf 92' lang='lat' dir='ltr'><strong>de</strong></span> 
     </span>
     <span class='ocr_line' id='line_1_11' title="bbox 206 1552 1385 1637; baseline 0.003 -19"><span class='ocrx_word' id='word_1_75' title='bbox 206 1552 320 1618; x_wconf 91' lang='lat' dir='ltr'><strong>Lucilii</strong></span> <span class='ocrx_word' id='word_1_76' title='bbox 345 1553 538 1619; x_wconf 91' lang='lat' dir='ltr'><strong>amicissimi</strong></span> <span class='ocrx_word' id='word_1_77' title='bbox 563 1554 808 1621; x_wconf 90' lang='lat' dir='ltr'><strong>consuetudine</strong></span> <span class='ocrx_word' id='word_1_78' title='bbox 832 1554 966 1621; x_wconf 88' lang='lat' dir='ltr'><strong>dicendi</strong></span> <span class='ocrx_word' id='word_1_79' title='bbox 982 1555 1056 1622; x_wconf 90' lang='lat' dir='ltr'><strong>tulit</strong></span> <span class='ocrx_word' id='word_1_80' title='bbox 1071 1554 1246 1621; x_wconf 89' lang='lat' dir='ltr'><strong>iudicium:</strong></span> <span class='ocrx_word' id='word_1_81' title='bbox 1265 1575 1385 1637; x_wconf 75' lang='lat' dir='ltr'><strong>pressu</strong></span> 
     </span>
     <span class='ocr_line' id='line_1_12' title="bbox 204 1659 1384 1744; baseline 0.004 -22"><span class='ocrx_word' id='word_1_82' title='bbox 204 1662 261 1723; x_wconf 83' lang='lat' dir='ltr'><strong>sut</strong></span> <span class='ocrx_word' id='word_1_83' title='bbox 293 1659 403 1725; x_wconf 76' lang='lat' dir='ltr'><strong>omniu</strong></span> <span class='ocrx_word' id='word_1_84' title='bbox 439 1664 469 1724; x_wconf 83' lang='lat' dir='ltr'><strong>et</strong></span> <span class='ocrx_word' id='word_1_85' title='bbox 501 1660 550 1725; x_wconf 77' lang='lat' dir='ltr'><strong>nei</strong></span> <span class='ocrx_word' id='word_1_86' title='bbox 577 1665 692 1742; x_wconf 79' lang='lat' dir='ltr'><strong>optutu</strong></span> <span class='ocrx_word' id='word_1_87' title='bbox 721 1710 728 1725; x_wconf 90' lang='lat'><strong>.</strong></span> <span class='ocrx_word' id='word_1_88' title='bbox 760 1713 766 1724; x_wconf 91' lang='lat'>.</span> <span class='ocrx_word' id='word_1_89' title='bbox 798 1659 947 1743; x_wconf 69' lang='lat' dir='ltr'><strong>laniantia,</strong></span> <span class='ocrx_word' id='word_1_90' title='bbox 983 1664 1144 1743; x_wconf 78' lang='lat' dir='ltr'><strong>quonium</strong></span> <span class='ocrx_word' id='word_1_91' title='bbox 1171 1660 1221 1726; x_wconf 80' lang='lat' dir='ltr'><strong>uis</strong></span> <span class='ocrx_word' id='word_1_92' title='bbox 1250 1666 1280 1727; x_wconf 81' lang='lat' dir='ltr'><strong>et</strong></span> <span class='ocrx_word' id='word_1_93' title='bbox 1302 1662 1384 1744; x_wconf 76' lang='lat' dir='ltr'><strong>plns</strong></span> 
     </span>
     <span class='ocr_line' id='line_1_13' title="bbox 204 1763 832 1855; baseline 0.011 -26"><span class='ocrx_word' id='word_1_94' title='bbox 204 1763 373 1849; x_wconf 73' lang='lat' dir='ltr'><strong>sipnifieus</strong></span> <span class='ocrx_word' id='word_1_95' title='bbox 395 1787 494 1848; x_wconf 80' lang='lat' dir='ltr'><strong>quum</strong></span> <span class='ocrx_word' id='word_1_96' title='bbox 517 1766 657 1848; x_wconf 77' lang='lat' dir='ltr'><strong>loqtteris</strong></span> <span class='ocrx_word' id='word_1_97' title='bbox 680 1768 747 1854; x_wconf 86' lang='lat' dir='ltr'><strong>(ep.</strong></span> <span class='ocrx_word' id='word_1_98' title='bbox 765 1768 832 1855; x_wconf 86' lang='lat'>59).</span> 
     </span>
    </p>

    <p class='ocr_par' dir='ltr' id='par_1_5' title="bbox 313 1871 1382 1953">
     <span class='ocr_line' id='line_1_14' title="bbox 313 1871 1382 1953; baseline 0.006 -15"><span class='ocrx_word' id='word_1_99' title='bbox 313 1871 424 1953; x_wconf 90' lang='lat' dir='ltr'><strong>Quare</strong></span> <span class='ocrx_word' id='word_1_100' title='bbox 460 1881 601 1941; x_wconf 86' lang='lat' dir='ltr'><strong>statuere</strong></span> <span class='ocrx_word' id='word_1_101' title='bbox 636 1875 712 1942; x_wconf 91' lang='lat' dir='ltr'><strong>licet</strong></span> <span class='ocrx_word' id='word_1_102' title='bbox 744 1875 871 1943; x_wconf 81' lang='lat' dir='ltr'><strong>Aetnae</strong></span> <span class='ocrx_word' id='word_1_103' title='bbox 895 1876 1038 1943; x_wconf 88' lang='lat' dir='ltr'><strong>auctoris</strong></span> <span class='ocrx_word' id='word_1_104' title='bbox 1062 1875 1287 1944; x_wconf 87' lang='lat' dir='ltr'><strong>elocutionem</strong></span> <span class='ocrx_word' id='word_1_105' title='bbox 1313 1894 1382 1944; x_wconf 93' lang='lat' dir='ltr'><strong>non</strong></span> 
     </span>
    </p>
   </div>
   <div class='ocr_carea' id='block_1_5' title="bbox 207 1977 1384 2155">
    <p class='ocr_par' dir='ltr' id='par_1_6' title="bbox 207 1977 1384 2155">
     <span class='ocr_line' id='line_1_15' title="bbox 207 1977 1384 2068; baseline 0.004 -24"><span class='ocrx_word' id='word_1_106' title='bbox 207 1977 311 2045; x_wconf 90' lang='lat' dir='ltr'><strong>modo</strong></span> <span class='ocrx_word' id='word_1_107' title='bbox 336 1996 406 2046; x_wconf 96' lang='lat' dir='ltr'><strong>non</strong></span> <span class='ocrx_word' id='word_1_108' title='bbox 430 1981 574 2047; x_wconf 90' lang='lat' dir='ltr'><strong>alienam</strong></span> <span class='ocrx_word' id='word_1_109' title='bbox 604 1999 679 2048; x_wconf 89' lang='lat' dir='ltr'><strong>esse</strong></span> <span class='ocrx_word' id='word_1_110' title='bbox 702 1982 744 2048; x_wconf 85' lang='lat' dir='ltr'><strong>ab</strong></span> <span class='ocrx_word' id='word_1_111' title='bbox 773 1989 933 2068; x_wconf 88' lang='lat' dir='ltr'><strong>argenteo</strong></span> <span class='ocrx_word' id='word_1_112' title='bbox 957 2001 1041 2050; x_wconf 90' lang='lat' dir='ltr'><strong>aevo</strong></span> <span class='ocrx_word' id='word_1_113' title='bbox 1070 1982 1131 2051; x_wconf 90' lang='lat' dir='ltr'><strong>sed</strong></span> <span class='ocrx_word' id='word_1_114' title='bbox 1155 1983 1281 2068; x_wconf 90' lang='lat' dir='ltr'><strong>optime</strong></span> <span class='ocrx_word' id='word_1_115' title='bbox 1306 1983 1384 2050; x_wconf 89' lang='lat' dir='ltr'><strong>huic</strong></span> 
     </span>
     <span class='ocr_line' id='line_1_16' title="bbox 207 2085 517 2155; baseline 0.013 -5"><span class='ocrx_word' id='word_1_116' title='bbox 207 2085 304 2152; x_wconf 89' lang='lat' dir='ltr'><strong>aetati</strong></span> <span class='ocrx_word' id='word_1_117' title='bbox 329 2089 517 2155; x_wconf 89' lang='lat' dir='ltr'><strong>convenire.</strong></span> 
     </span>
    </p>
   </div>
   <div class='ocr_carea' id='block_1_6' title="bbox 0 0 1516 5024">
    <p class='ocr_par' dir='ltr' id='par_1_7' title="bbox 0 0 1516 5024">
     <span class='ocr_line' id='line_1_17' title="bbox 0 0 1516 5024; baseline 0 0"><span class='ocrx_word' id='word_1_118' title='bbox 0 0 1516 5024; x_wconf 95' lang='lat' dir='ltr'><strong> </strong></span> 
     </span>
    </p>
   </div>
  </div>
 </body>
</html>
