3022 5024
639 365 861 435 ..44-

167 578 293 650 Nonne
332 598 372 649 ex
412 578 504 649 hisce
543 579 743 649 concludere
781 579 858 648 licet
895 579 997 649 artius
1034 577 1231 647 constrictos
1268 592 1345 647 esse

167 691 341 758 auctores?

274 831 348 898 tarn
373 830 467 917 quod
488 837 588 918 poeta
613 831 655 898 de
679 830 856 899 confluviis
880 831 966 916 aptis
989 830 1146 916 loquitur,
1169 841 1256 916 quae
1279 831 1345 899 sub

167 946 250 1006 terra
275 957 349 1005 esse
366 957 504 1006 necesse
521 946 581 1018 est,
603 939 834 1025 compluribus
849 938 935 1005 locis
951 938 1070 1004 eadem
1096 956 1147 1005 res
1170 957 1191 1006 a
1214 937 1345 1006 Seneca

168 1047 375 1132 explanatur;
401 1046 524 1113 deinde
549 1053 687 1132 uterque
710 1046 918 1113 mentionem
942 1045 1021 1112 facit
1043 1045 1233 1126 fluminum,
1256 1063 1346 1131 quae

168 1152 273 1220 modo
302 1153 502 1233 conduntur,
532 1152 637 1220 modo
665 1152 815 1220 redeunt.
862 1152 947 1219 Cum
976 1152 1104 1219 Aetnae
1132 1152 1257 1220 verbis:
1285 1156 1348 1218 aut

168 1258 229 1325 illo
251 1280 368 1343 cor-opo
394 1311 452 1323 ...
478 1259 626 1324 condidit
647 1260 796 1327 confene
820 1260 917 1327 liceat
933 1257 1015 1325 illud
1031 1257 1198 1325 Senecae:
1221 1260 1348 1343 [terrae

168 1368 291 1449 necteus]
315 1418 321 1429 .
348 1418 355 1432 .
381 1418 388 1429 .
414 1369 505 1431 modo
527 1366 642 1449 operit,
666 1369 758 1432 ruodo
780 1366 819 1431 in
841 1367 942 1430 attane
964 1364 1151 1450 eorupincm
1175 1364 1294 1432 condit.

275 1508 417 1594 Spiritus
448 1509 516 1575 vim
550 1527 593 1577 eo
626 1511 786 1575 maiorem
822 1527 896 1575 esse
930 1515 1067 1593 uterque
1101 1507 1241 1588 disserit,
1274 1526 1346 1594 quo

94 1614 106 1633 '
170 1617 346 1700 angustius
370 1616 519 1684 inclusus
544 1622 607 1695 est3
632 1622 746 1683 contra
770 1619 896 1696 ventus,
920 1613 1080 1696 queamde‘u
1102 1613 1190 1680 nibil
1211 1613 1346 1697 obstitit,

169 1740 205 1788 se
230 1723 329 1789 solvit
352 1722 453 1803 (etrec
474 1742 554 1787 seces
579 1721 724 1806 effundit
744 1722 795 1801 lV,
819 1722 932 1802 xl11‚2
956 1722 996 1788 cf.
1020 1742 1051 1789 v.
1079 1722 1157 1788 162:

236 1886 377 1947 nomque
399 1863 478 1946 illie,
502 1885 722 1946 pecuecnmqne
745 1869 872 1947 cenaret,
897 1863 988 1930 cudit
1008 1863 1149 1947 impetus
1172 1861 1301 1951 acirim)

237 1977 268 2038 et
289 1993 358 2038 sese
380 1971 520 2038 introitu
541 1974 696 2056 solvunt).

276 2115 435 2202 Spiritum
468 2123 579 2183 autem
605 2134 690 2195 esse,
723 2134 792 2202 quo
825 2124 928 2183 terrae
962 2117 1141 2184 concussio
1172 2114 1346 2195 efficiatur,

171 2230 309 2308 uterque
338 2242 535 2309 persuasum
564 2224 679 2303 habet;
713 2242 776 2290 nec
804 2223 961 2291 differunt
990 2224 1073 2290 inter
1100 2242 1136 2290 se
1165 2222 1200 2289 in
1228 2222 1347 2308 spiritu

171 2329 367 2398 definiendo

171 2471 235 2538 213
249 2470 661 2556 spiritnsc'nflntz'snomcn,
676 2474 745 2538 tnn-
780 2473 814 2552 ll,
841 2475 855 2539 l
881 2471 1023 2555 spirituc
1045 2493 1102 2536 aer
1125 2470 1280 2556 epitatus,
1305 2471 1347 2538 cf.

168 2578 345 2663 queuntibus
367 2600 433 2644 ner.
778 2580 812 2660 ll,
829 2579 920 2647 Vll3
943 2578 1156 2644 intentionem
1179 2577 1266 2644 aeris
1288 2576 1348 2645 tebe'

779 2689 950 2753 ostendent
971 2686 1090 2768 inflatu
1113 2686 1160 2772 (et
1183 2685 1249 2772 at).

277 2828 362 2895 Cum
388 2829 471 2895 mihi
495 2831 530 2895 in
554 2831 668 2897 animo
694 2848 764 2897 non
793 2831 835 2897 sit
858 2848 979 2896 omnes
1003 2829 1240 2896 similitudines
1263 2845 1347 2895 enu-

170 2954 306 3016 merare,
331 2954 418 3020 quae
446 2936 530 3002 locIs
554 2935 697 3003 laudatis
719 2936 876 3004 facillime
900 2937 1124 3016 inveniuntur,
1156 2936 1221 3003 iarn
1247 2935 1348 3004 huius

169 3044 214 3109 rei
238 3043 341 3108 finem
358 3042 558 3122 faciemcac
574 3043 805 3110 confitendum
824 3044 905 3110 milri
922 3051 972 3110 est
991 3050 1198 3128 argumenta,
1222 3042 1348 3129 quibus

170 3157 247 3216 ante
277 3151 340 3216 hos
363 3149 481 3234 viginti
515 3157 671 3236 quattuor
704 3168 814 3218 annos
836 3150 971 3236 Wagler
1003 3169 1084 3218 usus
1118 3156 1177 3229 est,
1211 3149 1348 3216 infracta

169 3275 239 3324 non
264 3274 353 3336 esse;
378 3255 438 3323 sed
455 3276 531 3324 curn
556 3275 598 3324 eo
615 3275 812 3343 persuasum
831 3258 941 3324 habeo
966 3256 1107 3322 Aetnam
1130 3255 1348 3338 conscriptum

169 3384 236 3428 esec
263 3364 303 3429 nb
331 3362 458 3429 minine
486 3363 596 3447 utiquo
620 3363 760 3430 Senecae
787 3364 910 3429 assecta
940 3367 970 3429 et
996 3368 1160 3446 sectatore,
1190 3361 1248 3447 qni
1276 3360 1349 3427 eius

281 3558 303 3629 ¹)
322 3557 445 3613 Codices
463 3559 540 3614 hanc
559 3560 698 3614 exhibent
717 3559 902 3632 scripturam:
1307 3634 1310 3639 .

332 3667 451 3720 nonique
469 3651 543 3716 illuc,
562 3652 746 3722 quodcumque
764 3656 844 3707 coeat
862 3652 922 3708 friat
940 3651 1058 3722 impetus
1076 3650 1165 3706 omnic
1197 3645 1241 3702 OS

329 3757 448 3809 nomque
465 3741 523 3795 illu
541 3758 723 3810 quemcumque
740 3746 840 3796 cocunt
857 3742 987 3809 hiarino,
1005 3740 1096 3797 omnis
1206 3735 1233 3791 G

169 3824 282 3880 Neutra
300 3826 387 3880 lectio
406 3827 514 3900 percipi
532 3832 643 3898 potest;
664 3844 752 3898 quare
771 3827 836 3882 loco
856 3829 1031 3884 coniecturis
1045 3842 1213 3883 succurrere
1231 3842 1280 3880 vv.
1300 3822 1348 3879 dd.

171 3913 358 3970 studuerunt.
378 3913 482 3986 Neque
491 3933 562 3971 vero
576 3918 757 3987 requiescere
769 3933 926 3988 possumus
935 3919 964 3970 in
976 3918 1026 3984 eis,
1040 3933 1114 3988 quae
1124 3918 1349 3989 proposuerunt

169 4002 275 4058 Munro
295 4008 326 4059 et
344 4003 480 4059 Sudhaus
491 4003 682 4078 Gyraldinum
696 4007 798 4073 secuti,
817 4007 872 4062 nisi
887 4005 965 4077 quod
983 4010 1015 4064 e‘n
1027 4009 1149 4065 hiatibus
1161 4005 1349 4076 scripserunt,

168 4100 288 4147 versum
315 4093 520 4164 insequentem
546 4093 729 4150 intercidisse
757 4095 986 4162 affirmaverunt,
1015 4113 1083 4149 cum
1100 4094 1181 4161 Ellis,
1209 4093 1260 4164 qui
1287 4108 1349 4146 uno

170 4181 261 4236 verbo
281 4189 360 4239 cocat
374 4183 402 4235 in
417 4203 518 4241 cucone
530 4188 643 4238 mutato
658 4184 740 4239 alteri
752 4184 917 4239 libellorum
930 4184 1016 4240 classi
1029 4201 1061 4239 se
1073 4183 1215 4250 adiunxit,
1233 4198 1351 4237 crucem

170 4274 339 4342 apponeret.
355 4269 507 4326 Sententia
519 4272 574 4327 alia
587 4290 646 4327 non
655 4279 754 4345 potest
764 4290 829 4330 esse
841 4278 942 4345 atque:
955 4291 1043 4329 aurae
1056 4273 1136 4326 nulle
1149 4288 1180 4327 re
1192 4269 1351 4343 impeditae

167 4361 215 4415 vel
235 4360 366 4415 inclusae
385 4361 445 4415 vim
464 4378 548 4417 suam
566 4361 705 4435 perdunt;
725 4379 814 4435 quare
834 4363 1022 4418 coniecerim:
1047 4381 1165 4434 nomquee
1182 4362 1249 4428 elie,
1268 4378 1351 4432 meae

168 4470 281 4524 cumque
298 4456 406 4519 oomni,
429 4454 506 4511 cadit
523 4455 643 4525 impune
660 4455 739 4512 aurio
765 4451 863 4525 (simili
887 4452 1017 4507 clausula
1036 4450 1174 4506 Lucanus
1198 4463 1272 4505 usus
1289 4452 1350 4505 est:

168 4571 203 4582 -
222 4544 303 4602 cudat
321 4544 440 4617 impetus
459 4561 553 4603 amon
571 4541 614 4600 IV
633 4541 707 4615 279).
