3022 5024
633 419 685 440 Δ--
731 379 773 450 26
819 418 863 431 .-

481 538 490 576 r

275 595 326 664 De
342 575 486 666 Tibullo*
500 597 701 684 paucissima
726 598 826 666 verba
849 597 979 666 faciam.
1026 597 1164 666 Exstant
1188 596 1342 665 nonnulli

165 703 265 771 huius
294 712 415 790 poetae
444 706 582 790 elegiaci
613 707 689 786 loci,
718 707 775 791 qui
805 706 931 772 similes
955 712 1033 771 sunt
1055 704 1197 784 Aetnae;
1227 705 1343 773 sedet

166 812 323 898 perpauci
348 819 426 878 sunt
449 820 482 879 et
504 813 597 893 tales,
622 832 640 880 e
664 813 821 899 qualibus
845 813 927 879 nibil
952 819 1063 898 potest
1086 813 1194 879 conici
1205 812 1240 899 1).
1310 798 1312 802 ’

273 917 376 999 Quod
400 926 511 986 autem
536 919 578 986 ad
596 920 770 987 Horatium
795 920 919 1001 attinet,
945 920 1043 986 Helm
1060 918 1186 986 Aetnae
1209 936 1341 986 versum

165 1025 230 1094 238
254 1042 303 1112 sq.

272 1132 337 1201 238
362 1138 507 1216 ternpore
532 1154 592 1200 cnr
614 1133 743 1200 varient
766 1133 858 1216 unni,
882 1155 938 1200 rer
955 1132 1068 1216 primu
1092 1132 1227 1198 inventu

361 1261 420 1307 cnr
444 1245 565 1307 arctate
582 1241 682 1323 perit,
707 1262 767 1307 cnr
791 1245 897 1307 cestus
920 1241 994 1324 ipsc
1017 1239 1156 1306 senescit

360 1351 580 1430 urrtnrnnoqne
603 1348 728 1431 obrepit
749 1348 850 1414 hierna
874 1348 963 1413 etin
987 1347 1059 1413 orbe
1083 1345 1225 1412 recurrit

63 1462 66 1467 '
165 1474 184 1521 a
209 1455 354 1521 carmine
379 1456 452 1522 eius
476 1456 620 1541 septimo
645 1456 665 1521 l.
683 1455 724 1522 lV
736 1455 882 1541 pendere
907 1455 971 1521 sibi
995 1455 1174 1539 persuasit:

316 1562 336 1628 9
359 1560 487 1644 friporo
510 1561 685 1627 mitescunt
706 1561 876 1646 Zephyrio,
901 1582 957 1626 car
974 1560 1116 1643 proterii
1139 1565 1248 1625 uectus

361 1668 540 1734 interitnrn
563 1667 664 1733 sinnii

356 1774 500 1858 pomifer
523 1780 705 1840 orrtnrnnns
727 1774 840 1859 frnpcc
864 1773 1031 1858 efficierii,
1058 1780 1089 1841 ct
1110 1796 1186 1840 rnorc

363 1883 478 1948 brnrno
501 1883 642 1949 recnrrit
665 1882 763 1948 iners.
954 1947 958 1951 .

166 1988 323 2073 equidem
347 1991 418 2056 viro
443 1988 543 2056 docto
569 2008 638 2056 non
663 1990 836 2069 assentior,
862 2008 937 2056 cum
961 2008 1072 2075 neque
1088 1989 1342 2055 similitudinem

166 2097 200 2162 in
224 2115 257 2163 re
281 2096 448 2163 tritissima
473 2097 580 2162 mirari
605 2096 789 2162 debeamus
815 2114 924 2182 neque
948 2097 1048 2163 verba
1073 2097 1267 2162 communia
1291 2096 1343 2161 his

165 2203 297 2287 paucis:
331 2224 396 2285 uer,
421 2207 537 2284 cestus,
562 2200 706 2268 recurrit
727 2204 874 2288 exceptis
898 2203 1119 2269 inveniantur.
1167 2202 1279 2284 Quare
1304 2222 1344 2268 ex

166 2310 218 2376 bis
242 2308 326 2377 locis
350 2311 432 2379 nibil
456 2309 660 2396 proficimus.
712 2310 955 2377 Similitudines
979 2316 1090 2376 autem
1106 2310 1283 2376 verborum
1300 2299 1344 2356 ‘—

166 2435 247 2484 sane
284 2417 505 2502 paucissimae
541 2455 595 2496 —,
631 2417 695 2483 nisi
730 2417 835 2496 fallor,
872 2417 935 2483 hae
964 2423 1056 2482 sunt:
1093 2416 1161 2482 duo
1186 2434 1343 2482 versuum

166 2524 288 2591 exitus:
321 2521 478 2588 carminis
505 2527 619 2589 unctor
647 2522 718 2609 (Ae.
741 2525 772 2604 4,
796 2523 1030 2602 lisinec
1055 2524 1150 2608 epist.
1172 2522 1206 2603 ΙΙ,
1229 2522 1265 2587 ΙΙΙ
1286 2521 1343 2607 45)

59 2676 65 2685 -
169 2636 201 2696 et
218 2629 363 2696 carmine
383 2650 495 2694 nunes
512 2628 582 2714 (Ae.
601 2630 643 2696 77
657 2629 699 2695 H.
713 2648 765 2714 ep.
779 2630 812 2709 ΙΙ,
826 2629 847 2709 l,
868 2629 943 2716 138)
961 2636 993 2696 et
1010 2631 1154 2696 initium:
1173 2627 1345 2711 qnaeritnr

166 2741 338 2820 arpentnrn
350 2736 391 2820 (i)
405 2735 476 2822 (Ae.
491 2735 816 2822 260H.ep.1‚1144).
843 2736 928 2803 Cum
939 2737 1062 2803 verbis:
1077 2735 1221 2801 cnrnrine
1231 2756 1344 2799 rnuneo

166 2843 200 2908 in
217 2861 313 2909 versu
328 2842 512 2909 Horatiano
524 2843 574 2908 vis
589 2842 754 2927 quaedam
769 2843 875 2909 maior
892 2843 980 2922 insit,
994 2844 1084 2910 hunc
1099 2843 1213 2909 afferre
1231 2843 1341 2909 liceat:

315 2947 458 3014 corninc
481 2947 517 3013 cii
539 2947 652 3030 snperi
670 2948 861 3030 pincuntnr,
887 2948 1031 3014 concine
1053 2949 1209 3037 nuncsi)

272 3056 398 3122 Tamen
421 3073 461 3122 ex
483 3056 545 3128 bac
566 3075 598 3122 re
622 3055 703 3121 nibil
721 3054 762 3122 de
780 3056 918 3136 ratione,
936 3055 1002 3141 qua
1016 3063 1153 3141 uterque
1167 3057 1344 3142 copulatus

166 3170 226 3244 est,
251 3162 451 3230 concludere
475 3163 596 3230 audeo.

273 3271 339 3337 lam
364 3271 532 3355 progressi
557 3270 599 3337 ad
621 3270 781 3350 Culicem,
806 3271 898 3357 quod
923 3290 1056 3337 carmen
1082 3289 1254 3357 perperam
1279 3273 1342 3338 sub

167 3378 291 3463 Vergili
328 3379 467 3444 nomine
502 3378 656 3444 traditum
692 3384 770 3462 post
806 3384 944 3444 mortem
971 3376 1052 3444 'eius
1081 3378 1239 3463 scriptum
1269 3396 1343 3444 esse

168 3486 317 3572 plerique
353 3505 405 3551 vv.
442 3483 497 3551 dd.
535 3485 790 3571 explicaverunt,
830 3485 1002 3551 nonnullis
1041 3484 1124 3552 locis
1160 3483 1202 3550 de
1236 3483 1343 3552 Aetna

167 3592 404 3659 admonemur:

167 3698 277 3766 Aetna
294 3701 314 3765 4
330 3737 374 3746 -
390 3697 547 3765 currninis
570 3702 683 3765 unctor
781 3700 853 3767 cul.
882 3699 920 3766 12
937 3739 981 3747 -
997 3697 1154 3766 corninic
1179 3702 1293 3765 unctor
1316 3698 1345 3764 A

934 3807 988 3894 (ct.
1008 3808 1088 3874 Hor.
1106 3824 1132 3872 s.
1146 3805 1167 3887 l,
1180 3806 1209 3872 X
1222 3807 1274 3886 66,
1290 3825 1342 3891 ep.

933 3914 967 3994 ll,
981 3914 1025 3995 Ill,
1039 3912 1096 3999 45)

289 4020 309 4086 7
326 4019 438 4085 Pierio
457 4070 463 4087 .
483 4071 489 4088 .
509 4041 657 4087 ..sorores
878 4021 917 4087 18
934 4019 1065 4087 Pierii.
1085 4071 1092 4086 .
1117 4071 1123 4086 .
1145 4040 1270 4085 sorores
1294 4019 1343 4105 (in

935 4127 1007 4193 ead.
1025 4147 1055 4195 v.
1074 4126 1169 4212 sede)
1184 4125 1214 4193 A

273 4305 295 4375 1)
313 4303 401 4359 Locis
419 4321 436 4358 a
457 4303 620 4359 Sudhausio
641 4303 679 4358 ad
690 4323 737 4359 vv.
752 4304 866 4360 Aetnae
880 4305 904 4370 4,
917 4304 976 4364 104.
987 4304 1047 4370 287,
1060 4304 1120 4370 340,
1131 4304 1183 4359 365
1197 4301 1344 4358 adnotatis

167 4393 257 4449 addas
277 4392 314 4448 ad
333 4413 360 4448 v.
381 4394 415 4448 62
434 4393 496 4448 Tib.
515 4394 557 4450 IV
569 4394 594 4460 4,
606 4394 641 4447 24
659 4424 693 4432 -
709 4397 760 4465 pio
778 4397 859 4451 turbo
877 4396 996 4451 deornm.

274 4484 296 4555 2)
315 4483 348 4537 L.
362 4483 379 4536 l.
393 4482 508 4538 Aetnae
527 4483 825 4546 ablativumccrmine
843 4481 985 4554 singulari
1004 4481 1132 4554 quodam
1151 4481 1238 4537 modo
1258 4498 1344 4538 usur-

166 4575 269 4645 patum
288 4587 353 4628 esse
371 4573 435 4627 Birt
453 4571 492 4644 (p.
505 4570 572 4643 608)
589 4571 711 4626 monuit.
