<?xml version="1.0" encoding="UTF-8"?>
<!DOCTYPE html PUBLIC "-//W3C//DTD XHTML 1.0 Transitional//EN"
    "http://www.w3.org/TR/xhtml1/DTD/xhtml1-transitional.dtd">
<html xmlns="http://www.w3.org/1999/xhtml" xml:lang="en" lang="en">
 <head>
  <title>
</title>
<meta http-equiv="Content-Type" content="text/html;charset=utf-8" />
  <meta name='ocr-system' content='tesseract 3.04.00' />
  <meta name='ocr-capabilities' content='ocr_page ocr_carea ocr_par ocr_line ocrx_word'/>
</head>
<body>
  <div class='ocr_page' id='page_1' title='image "./deaetnaeaetate00cathgoog_0037.png"; bbox 0 0 3022 5024; ppageno 0'>
   <div class='ocr_carea' id='block_1_1' title="bbox 642 325 863 396">
    <p class='ocr_par' dir='ltr' id='par_1_1' title="bbox 642 325 863 396">
     <span class='ocr_line' id='line_1_1' title="bbox 642 325 863 396; baseline 0.005 -18"><span class='ocrx_word' id='word_1_1' title='bbox 642 325 863 396; x_wconf 82' lang='lat'>...30...</span> 
     </span>
    </p>
   </div>
   <div class='ocr_carea' id='block_1_2' title="bbox 169 541 1343 633">
    <p class='ocr_par' dir='ltr' id='par_1_2' title="bbox 169 541 1343 633">
     <span class='ocr_line' id='line_1_2' title="bbox 169 541 1343 633; baseline 0.003 -22"><span class='ocrx_word' id='word_1_2' title='bbox 169 549 287 611; x_wconf 91' lang='lat' dir='ltr'>notum</span> <span class='ocrx_word' id='word_1_3' title='bbox 314 550 373 611; x_wconf 88' lang='lat' dir='ltr'>est.</span> <span class='ocrx_word' id='word_1_4' title='bbox 420 541 486 610; x_wconf 92' lang='lat' dir='ltr'>lam</span> <span class='ocrx_word' id='word_1_5' title='bbox 511 542 592 629; x_wconf 91' lang='lat' dir='ltr'>quid</span> <span class='ocrx_word' id='word_1_6' title='bbox 613 551 680 611; x_wconf 91' lang='lat' dir='ltr'>tam</span> <span class='ocrx_word' id='word_1_7' title='bbox 693 544 788 611; x_wconf 91' lang='lat' dir='ltr'>iacile</span> <span class='ocrx_word' id='word_1_8' title='bbox 805 545 1006 630; x_wconf 86' lang='lat' dir='ltr'>intellegitur</span> <span class='ocrx_word' id='word_1_9' title='bbox 1022 563 1122 631; x_wconf 92' lang='lat' dir='ltr'>quam</span> <span class='ocrx_word' id='word_1_10' title='bbox 1140 545 1343 633; x_wconf 83' lang='lat' dir='ltr'>scriptorem,</span> 
     </span>
    </p>
   </div>
   <div class='ocr_carea' id='block_1_3' title="bbox 50 648 1344 949">
    <p class='ocr_par' dir='ltr' id='par_1_3' title="bbox 50 648 1344 949">
     <span class='ocr_line' id='line_1_3' title="bbox 50 648 1343 739; baseline 0.003 -22"><span class='ocrx_word' id='word_1_11' title='bbox 50 648 51 653; x_wconf 72' lang='grc'>’</span> <span class='ocrx_word' id='word_1_12' title='bbox 169 671 245 718; x_wconf 92' lang='lat' dir='ltr'>cum</span> <span class='ocrx_word' id='word_1_13' title='bbox 283 651 373 717; x_wconf 92' lang='lat' dir='ltr'>aliud</span> <span class='ocrx_word' id='word_1_14' title='bbox 410 651 578 737; x_wconf 88' lang='lat' dir='ltr'>exemplar</span> <span class='ocrx_word' id='word_1_15' title='bbox 613 659 749 719; x_wconf 86' lang='lat' dir='ltr'>secutus</span> <span class='ocrx_word' id='word_1_16' title='bbox 778 651 819 719; x_wconf 92' lang='lat' dir='ltr'>de</span> <span class='ocrx_word' id='word_1_17' title='bbox 845 672 877 719; x_wconf 97' lang='lat' dir='ltr'>re</span> <span class='ocrx_word' id='word_1_18' title='bbox 909 652 1053 738; x_wconf 90' lang='lat' dir='ltr'>quadarn</span> <span class='ocrx_word' id='word_1_19' title='bbox 1084 662 1205 738; x_wconf 86' lang='lat' dir='ltr'>ageret,</span> <span class='ocrx_word' id='word_1_20' title='bbox 1243 673 1343 739; x_wconf 89' lang='lat' dir='ltr'>quarn</span> 
     </span>
     <span class='ocr_line' id='line_1_4' title="bbox 79 758 1344 844; baseline 0.003 -20"><span class='ocrx_word' id='word_1_21' title='bbox 79 788 82 795; x_wconf 36' lang='lat' dir='ltr'>v</span> <span class='ocrx_word' id='word_1_22' title='bbox 169 758 342 825; x_wconf 85' lang='lat' dir='ltr'>nonnullis</span> <span class='ocrx_word' id='word_1_23' title='bbox 371 759 522 825; x_wconf 88' lang='lat' dir='ltr'>versibus</span> <span class='ocrx_word' id='word_1_24' title='bbox 551 759 724 844; x_wconf 87' lang='lat' dir='ltr'>praeclaris</span> <span class='ocrx_word' id='word_1_25' title='bbox 754 759 853 826; x_wconf 93' lang='lat' dir='ltr'>etiam</span> <span class='ocrx_word' id='word_1_26' title='bbox 876 759 969 826; x_wconf 84' lang='lat' dir='ltr'>Naso</span> <span class='ocrx_word' id='word_1_27' title='bbox 994 761 1156 844; x_wconf 78' lang='lat' dir='ltr'><strong>attigerat,</strong></span> <span class='ocrx_word' id='word_1_28' title='bbox 1187 760 1344 829; x_wconf 89' lang='lat' dir='ltr'>adhunc</span> 
     </span>
     <span class='ocr_line' id='line_1_5' title="bbox 133 864 1344 949; baseline 0.002 -18"><span class='ocrx_word' id='word_1_29' title='bbox 133 918 134 923; x_wconf 28' lang='lat'>1</span> <span class='ocrx_word' id='word_1_30' title='bbox 169 871 303 949; x_wconf 91' lang='lat' dir='ltr'>poetam</span> <span class='ocrx_word' id='word_1_31' title='bbox 329 865 615 949; x_wconf 84' lang='lat' dir='ltr'>elegantissimum</span> <span class='ocrx_word' id='word_1_32' title='bbox 640 864 823 932; x_wconf 80' lang='lat' dir='ltr'>adlusisse?</span> <span class='ocrx_word' id='word_1_33' title='bbox 855 865 949 932; x_wconf 86' lang='lat' dir='ltr'>Certe</span> <span class='ocrx_word' id='word_1_34' title='bbox 974 867 1001 932; x_wconf 88' lang='lat' dir='ltr'>si</span> <span class='ocrx_word' id='word_1_35' title='bbox 1027 867 1108 932; x_wconf 85' lang='lat' dir='ltr'>nilril</span> <span class='ocrx_word' id='word_1_36' title='bbox 1133 867 1240 934; x_wconf 92' lang='lat' dir='ltr'>simile</span> <span class='ocrx_word' id='word_1_37' title='bbox 1257 875 1344 934; x_wconf 88' lang='lat' dir='ltr'>esset</span> 
     </span>
    </p>
   </div>
   <div class='ocr_carea' id='block_1_4' title="bbox 167 971 1346 2126">
    <p class='ocr_par' dir='ltr' id='par_1_4' title="bbox 167 971 1346 2126">
     <span class='ocr_line' id='line_1_6' title="bbox 168 971 1343 1060; baseline 0.004 -23"><span class='ocrx_word' id='word_1_38' title='bbox 168 978 295 1058; x_wconf 91' lang='lat' dir='ltr'>praeter</span> <span class='ocrx_word' id='word_1_39' title='bbox 329 971 494 1038; x_wconf 80' lang='lat' dir='ltr'>clausulas</span> <span class='ocrx_word' id='word_1_40' title='bbox 524 971 698 1056; x_wconf 89' lang='lat' dir='ltr'>quasdam,</span> <span class='ocrx_word' id='word_1_41' title='bbox 731 971 839 1039; x_wconf 84' lang='lat' dir='ltr'><strong>dicere</strong></span> <span class='ocrx_word' id='word_1_42' title='bbox 868 991 1047 1057; x_wconf 85' lang='lat' dir='ltr'>possemus</span> <span class='ocrx_word' id='word_1_43' title='bbox 1076 973 1343 1060; x_wconf 88' lang='lat' dir='ltr'>deberemusque</span> 
     </span>
     <span class='ocr_line' id='line_1_7' title="bbox 169 1078 1343 1164; baseline 0.002 -19"><span class='ocrx_word' id='word_1_44' title='bbox 169 1096 187 1144; x_wconf 93' lang='lat' dir='ltr'>e</span> <span class='ocrx_word' id='word_1_45' title='bbox 211 1078 333 1145; x_wconf 91' lang='lat' dir='ltr'>talibus</span> <span class='ocrx_word' id='word_1_46' title='bbox 357 1078 566 1144; x_wconf 88' lang='lat' dir='ltr'>sententiolis</span> <span class='ocrx_word' id='word_1_47' title='bbox 584 1079 616 1143; x_wconf 93' lang='lat' dir='ltr'>in</span> <span class='ocrx_word' id='word_1_48' title='bbox 640 1085 849 1145; x_wconf 89' lang='lat' dir='ltr'>monetarum</span> <span class='ocrx_word' id='word_1_49' title='bbox 868 1078 1007 1145; x_wconf 92' lang='lat' dir='ltr'>modum</span> <span class='ocrx_word' id='word_1_50' title='bbox 1026 1079 1205 1164; x_wconf 82' lang='lat' dir='ltr'>divulgatis</span> <span class='ocrx_word' id='word_1_51' title='bbox 1222 1088 1343 1147; x_wconf 90' lang='lat' dir='ltr'>certam</span> 
     </span>
     <span class='ocr_line' id='line_1_8' title="bbox 169 1184 1343 1271; baseline 0.001 -19"><span class='ocrx_word' id='word_1_52' title='bbox 169 1186 392 1252; x_wconf 91' lang='lat' dir='ltr'>coniecturam</span> <span class='ocrx_word' id='word_1_53' title='bbox 415 1187 589 1270; x_wconf 90' lang='lat' dir='ltr'>provenire</span> <span class='ocrx_word' id='word_1_54' title='bbox 608 1204 677 1251; x_wconf 94' lang='lat' dir='ltr'>non</span> <span class='ocrx_word' id='word_1_55' title='bbox 694 1204 806 1271; x_wconf 90' lang='lat' dir='ltr'>posse.</span> <span class='ocrx_word' id='word_1_56' title='bbox 846 1184 936 1254; x_wconf 87' lang='lat' dir='ltr'>Loco</span> <span class='ocrx_word' id='word_1_57' title='bbox 954 1193 1064 1252; x_wconf 91' lang='lat' dir='ltr'>autern</span> <span class='ocrx_word' id='word_1_58' title='bbox 1082 1186 1217 1254; x_wconf 92' lang='lat' dir='ltr'>laudato</span> <span class='ocrx_word' id='word_1_59' title='bbox 1235 1205 1343 1271; x_wconf 93' lang='lat' dir='ltr'>paene</span> 
     </span>
     <span class='ocr_line' id='line_1_9' title="bbox 167 1290 1343 1379; baseline 0.001 -21"><span class='ocrx_word' id='word_1_60' title='bbox 167 1299 274 1358; x_wconf 91' lang='lat' dir='ltr'>toturn</span> <span class='ocrx_word' id='word_1_61' title='bbox 291 1290 419 1358; x_wconf 81' lang='lat' dir='ltr'>Aetnae</span> <span class='ocrx_word' id='word_1_62' title='bbox 440 1311 571 1358; x_wconf 89' lang='lat' dir='ltr'>versum</span> <span class='ocrx_word' id='word_1_63' title='bbox 590 1310 630 1358; x_wconf 87' lang='lat' dir='ltr'>ex</span> <span class='ocrx_word' id='word_1_64' title='bbox 646 1290 747 1358; x_wconf 90' lang='lat' dir='ltr'>Ovidi</span> <span class='ocrx_word' id='word_1_65' title='bbox 763 1293 873 1359; x_wconf 92' lang='lat' dir='ltr'>verbis</span> <span class='ocrx_word' id='word_1_66' title='bbox 890 1294 1051 1379; x_wconf 93' lang='lat' dir='ltr'>componi</span> <span class='ocrx_word' id='word_1_67' title='bbox 1069 1312 1170 1378; x_wconf 88' lang='lat' dir='ltr'>posse</span> <span class='ocrx_word' id='word_1_68' title='bbox 1184 1293 1343 1359; x_wconf 83' lang='lat' dir='ltr'>Sudhaus</span> 
     </span>
     <span class='ocr_line' id='line_1_10' title="bbox 169 1398 1343 1485; baseline 0.001 -21"><span class='ocrx_word' id='word_1_69' title='bbox 169 1399 240 1484; x_wconf 92' lang='lat' dir='ltr'>ipse</span> <span class='ocrx_word' id='word_1_70' title='bbox 270 1417 332 1464; x_wconf 88' lang='lat' dir='ltr'>suo</span> <span class='ocrx_word' id='word_1_71' title='bbox 363 1399 432 1464; x_wconf 91' lang='lat' dir='ltr'>iure</span> <span class='ocrx_word' id='word_1_72' title='bbox 457 1400 651 1483; x_wconf 75' lang='lat' dir='ltr'>pronuntiat</span> <span class='ocrx_word' id='word_1_73' title='bbox 673 1398 720 1484; x_wconf 89' lang='lat' dir='ltr'>(p.</span> <span class='ocrx_word' id='word_1_74' title='bbox 738 1398 805 1484; x_wconf 83' lang='lat'><strong>97).</strong></span> <span class='ocrx_word' id='word_1_75' title='bbox 852 1398 919 1465; x_wconf 85' lang='lat' dir='ltr'>Sed</span> <span class='ocrx_word' id='word_1_76' title='bbox 945 1399 1060 1466; x_wconf 83' lang='lat' dir='ltr'>dixerit</span> <span class='ocrx_word' id='word_1_77' title='bbox 1084 1401 1168 1485; x_wconf 87' lang='lat' dir='ltr'>quis·</span> <span class='ocrx_word' id='word_1_78' title='bbox 1183 1399 1343 1467; x_wconf 92' lang='lat' dir='ltr'>Ovidium</span> 
     </span>
     <span class='ocr_line' id='line_1_11' title="bbox 167 1504 1342 1591; baseline 0.001 -19"><span class='ocrx_word' id='word_1_79' title='bbox 167 1504 309 1572; x_wconf 79' lang='lat' dir='ltr'>Aetnam</span> <span class='ocrx_word' id='word_1_80' title='bbox 346 1507 517 1590; x_wconf 89' lang='lat' dir='ltr'>respicere.</span> <span class='ocrx_word' id='word_1_81' title='bbox 565 1504 669 1586; x_wconf 93' lang='lat' dir='ltr'>Quod</span> <span class='ocrx_word' id='word_1_82' title='bbox 700 1512 731 1572; x_wconf 90' lang='lat' dir='ltr'>et</span> <span class='ocrx_word' id='word_1_83' title='bbox 761 1524 820 1590; x_wconf 89' lang='lat' dir='ltr'>per</span> <span class='ocrx_word' id='word_1_84' title='bbox 848 1525 884 1572; x_wconf 90' lang='lat' dir='ltr'>se</span> <span class='ocrx_word' id='word_1_85' title='bbox 913 1506 1001 1572; x_wconf 92' lang='lat' dir='ltr'>credi</span> <span class='ocrx_word' id='word_1_86' title='bbox 1029 1508 1083 1573; x_wconf 87' lang='lat' dir='ltr'>vix</span> <span class='ocrx_word' id='word_1_87' title='bbox 1114 1514 1234 1591; x_wconf 90' lang='lat' dir='ltr'>potest,</span> <span class='ocrx_word' id='word_1_88' title='bbox 1267 1526 1342 1573; x_wconf 91' lang='lat' dir='ltr'>curn</span> 
     </span>
     <span class='ocr_line' id='line_1_12' title="bbox 167 1611 1343 1699; baseline 0.001 -20"><span class='ocrx_word' id='word_1_89' title='bbox 167 1619 258 1679; x_wconf 91' lang='lat' dir='ltr'>tanta</span> <span class='ocrx_word' id='word_1_90' title='bbox 283 1611 447 1696; x_wconf 87' lang='lat' dir='ltr'>elegantia</span> <span class='ocrx_word' id='word_1_91' title='bbox 472 1614 537 1678; x_wconf 91' lang='lat' dir='ltr'>hoc</span> <span class='ocrx_word' id='word_1_92' title='bbox 561 1631 693 1679; x_wconf 87' lang='lat' dir='ltr'>carmen</span> <span class='ocrx_word' id='word_1_93' title='bbox 718 1632 788 1679; x_wconf 94' lang='lat' dir='ltr'>non</span> <span class='ocrx_word' id='word_1_94' title='bbox 812 1614 862 1694; x_wconf 91' lang='lat' dir='ltr'>sit,</span> <span class='ocrx_word' id='word_1_95' title='bbox 888 1620 923 1680; x_wconf 94' lang='lat' dir='ltr'>ut</span> <span class='ocrx_word' id='word_1_96' title='bbox 940 1613 1080 1698; x_wconf 88' lang='lat' dir='ltr'>dignum</span> <span class='ocrx_word' id='word_1_97' title='bbox 1097 1613 1257 1693; x_wconf 89' lang='lat' dir='ltr'>videatur,</span> <span class='ocrx_word' id='word_1_98' title='bbox 1275 1633 1343 1699; x_wconf 91' lang='lat' dir='ltr'>quo</span> 
     </span>
     <span class='ocr_line' id='line_1_13' title="bbox 168 1719 1344 1805; baseline 0.003 -21"><span class='ocrx_word' id='word_1_99' title='bbox 168 1725 268 1804; x_wconf 91' lang='lat' dir='ltr'>poeta</span> <span class='ocrx_word' id='word_1_100' title='bbox 293 1719 345 1785; x_wconf 90' lang='lat' dir='ltr'>ille</span> <span class='ocrx_word' id='word_1_101' title='bbox 370 1719 549 1804; x_wconf 88' lang='lat' dir='ltr'>exemplari</span> <span class='ocrx_word' id='word_1_102' title='bbox 575 1726 692 1799; x_wconf 91' lang='lat' dir='ltr'>utatur,</span> <span class='ocrx_word' id='word_1_103' title='bbox 717 1726 749 1786; x_wconf 92' lang='lat' dir='ltr'>et</span> <span class='ocrx_word' id='word_1_104' title='bbox 772 1721 922 1786; x_wconf 89' lang='lat' dir='ltr'>versibus</span> <span class='ocrx_word' id='word_1_105' title='bbox 947 1721 1118 1805; x_wconf 88' lang='lat' dir='ltr'>utriusque</span> <span class='ocrx_word' id='word_1_106' title='bbox 1144 1722 1344 1805; x_wconf 89' lang='lat' dir='ltr'>comparatis</span> 
     </span>
     <span class='ocr_line' id='line_1_14' title="bbox 168 1825 1346 1909; baseline 0 -18"><span class='ocrx_word' id='word_1_107' title='bbox 168 1826 336 1905; x_wconf 76' lang='lat' dir='ltr'>refellitur3</span> <span class='ocrx_word' id='word_1_108' title='bbox 373 1845 450 1892; x_wconf 91' lang='lat' dir='ltr'>nam</span> <span class='ocrx_word' id='word_1_109' title='bbox 487 1826 648 1892; x_wconf 87' lang='lat' dir='ltr'>Nasonis:</span> <span class='ocrx_word' id='word_1_110' title='bbox 684 1825 806 1891; x_wconf 87' lang='lat' dir='ltr'>onten</span> <span class='ocrx_word' id='word_1_111' title='bbox 841 1826 921 1908; x_wconf 80' lang='lat' dir='ltr'>qnid</span> <span class='ocrx_word' id='word_1_112' title='bbox 955 1825 1095 1909; x_wconf 75' lang='lat' dir='ltr'>referunt</span> <span class='ocrx_word' id='word_1_113' title='bbox 1129 1826 1346 1909; x_wconf 75' lang='lat' dir='ltr'>Thebanaque</span> 
     </span>
     <span class='ocr_line' id='line_1_15' title="bbox 167 1932 1345 2019; baseline 0.004 -23"><span class='ocrx_word' id='word_1_114' title='bbox 167 1932 292 1997; x_wconf 82' lang='lat' dir='ltr'>senine</span> <span class='ocrx_word' id='word_1_115' title='bbox 327 1932 460 1997; x_wconf 73' lang='lat' dir='ltr'>unctes?</span> <span class='ocrx_word' id='word_1_116' title='bbox 495 1932 537 2018; x_wconf 88' lang='lat' dir='ltr'>(v.</span> <span class='ocrx_word' id='word_1_117' title='bbox 562 1933 618 2018; x_wconf 89' lang='lat'>35)</span> <span class='ocrx_word' id='word_1_118' title='bbox 655 1934 781 2019; x_wconf 91' lang='lat' dir='ltr'>optime</span> <span class='ocrx_word' id='word_1_119' title='bbox 811 1934 1057 2017; x_wconf 87' lang='lat' dir='ltr'>intelleguntur,</span> <span class='ocrx_word' id='word_1_120' title='bbox 1094 1953 1169 2000; x_wconf 87' lang='lat' dir='ltr'>curn</span> <span class='ocrx_word' id='word_1_121' title='bbox 1203 1935 1283 2001; x_wconf 90' lang='lat' dir='ltr'>mire</span> <span class='ocrx_word' id='word_1_122' title='bbox 1312 1941 1345 2001; x_wconf 89' lang='lat' dir='ltr'>et</span> 
     </span>
     <span class='ocr_line' id='line_1_16' title="bbox 168 2039 1344 2126; baseline 0.001 -21"><span class='ocrx_word' id='word_1_123' title='bbox 168 2040 323 2106; x_wconf 86' lang='lat' dir='ltr'>audacter</span> <span class='ocrx_word' id='word_1_124' title='bbox 357 2040 436 2106; x_wconf 89' lang='lat' dir='ltr'>alter</span> <span class='ocrx_word' id='word_1_125' title='bbox 469 2039 620 2106; x_wconf 91' lang='lat' dir='ltr'>elocutus</span> <span class='ocrx_word' id='word_1_126' title='bbox 656 2041 706 2121; x_wconf 89' lang='lat' dir='ltr'>sit,</span> <span class='ocrx_word' id='word_1_127' title='bbox 743 2059 844 2126; x_wconf 90' lang='lat' dir='ltr'>quem</span> <span class='ocrx_word' id='word_1_128' title='bbox 875 2059 935 2125; x_wconf 91' lang='lat' dir='ltr'>pro</span> <span class='ocrx_word' id='word_1_129' title='bbox 966 2061 1157 2122; x_wconf 82' lang='lat' dir='ltr'>spnvsnnve</span> <span class='ocrx_word' id='word_1_130' title='bbox 1184 2040 1221 2105; x_wconf 89' lang='lat' dir='ltr'>v&#39;n</span> <span class='ocrx_word' id='word_1_131' title='bbox 1250 2044 1344 2106; x_wconf 79' lang='lat' dir='ltr'>nnete</span> 
     </span>
    </p>
   </div>
   <div class='ocr_carea' id='block_1_5' title="bbox 58 2146 1341 2233">
    <p class='ocr_par' dir='ltr' id='par_1_5' title="bbox 58 2146 1341 2233">
     <span class='ocr_line' id='line_1_17' title="bbox 58 2146 1341 2233; baseline 0.005 -24"><span class='ocrx_word' id='word_1_132' title='bbox 58 2162 59 2167; x_wconf 47' lang='lat'>¹</span> <span class='ocrx_word' id='word_1_133' title='bbox 167 2167 275 2210; x_wconf 87' lang='lat' dir='ltr'>senen</span> <span class='ocrx_word' id='word_1_134' title='bbox 297 2147 404 2231; x_wconf 82' lang='lat' dir='ltr'>ligura</span> <span class='ocrx_word' id='word_1_135' title='bbox 429 2146 482 2213; x_wconf 90' lang='lat' dir='ltr'>illa</span> <span class='ocrx_word' id='word_1_136' title='bbox 500 2165 609 2227; x_wconf 88' lang='lat' dir='ltr'>usum,</span> <span class='ocrx_word' id='word_1_137' title='bbox 635 2166 734 2232; x_wconf 87' lang='lat' dir='ltr'>quam</span> <span class='ocrx_word' id='word_1_138' title='bbox 753 2148 976 2232; x_wconf 87' lang='lat' dir='ltr'>appellamus:</span> <span class='ocrx_word' id='word_1_139' title='bbox 1002 2148 1177 2233; x_wconf 80' lang='grc' dir='ltr'>ἐναλλαγή,</span> <span class='ocrx_word' id='word_1_140' title='bbox 1203 2149 1341 2227; x_wconf 73' lang='lat' dir='ltr'>dixisse:</span> 
     </span>
    </p>
   </div>
   <div class='ocr_carea' id='block_1_6' title="bbox 166 2253 1417 3621">
    <p class='ocr_par' dir='ltr' id='par_1_6' title="bbox 166 2253 1417 3621">
     <span class='ocr_line' id='line_1_18' title="bbox 167 2253 1283 2340; baseline 0.003 -22"><span class='ocrx_word' id='word_1_141' title='bbox 167 2274 358 2335; x_wconf 72' lang='lat' dir='ltr'>sponsumve</span> <span class='ocrx_word' id='word_1_142' title='bbox 381 2253 418 2317; x_wconf 88' lang='lat' dir='ltr'>c&#39;n</span> <span class='ocrx_word' id='word_1_143' title='bbox 441 2253 562 2319; x_wconf 81' lang='lat' dir='ltr'>senine</span> <span class='ocrx_word' id='word_1_144' title='bbox 585 2256 713 2318; x_wconf 82' lang='lat' dir='ltr'>cientem</span> <span class='ocrx_word' id='word_1_145' title='bbox 737 2255 819 2319; x_wconf 88' lang='lat' dir='ltr'>mihi</span> <span class='ocrx_word' id='word_1_146' title='bbox 844 2253 1052 2320; x_wconf 89' lang='lat' dir='ltr'>Hildebrand</span> <span class='ocrx_word' id='word_1_147' title='bbox 1076 2254 1283 2340; x_wconf 64' lang='lat' dir='ltr'>persuasitl).</span> 
     </span>
     <span class='ocr_line' id='line_1_19' title="bbox 274 2360 1342 2448; baseline 0.003 -23"><span class='ocrx_word' id='word_1_148' title='bbox 274 2360 371 2442; x_wconf 92' lang='lat' dir='ltr'>Quae</span> <span class='ocrx_word' id='word_1_149' title='bbox 397 2361 511 2426; x_wconf 92' lang='lat' dir='ltr'>omnia</span> <span class='ocrx_word' id='word_1_150' title='bbox 528 2361 556 2426; x_wconf 92' lang='lat' dir='ltr'>si</span> <span class='ocrx_word' id='word_1_151' title='bbox 573 2368 659 2427; x_wconf 89' lang='lat' dir='ltr'>recte</span> <span class='ocrx_word' id='word_1_152' title='bbox 677 2361 853 2446; x_wconf 86' lang='lat' dir='ltr'>explanata</span> <span class='ocrx_word' id='word_1_153' title='bbox 870 2367 957 2440; x_wconf 91' lang='lat' dir='ltr'>sunt,</span> <span class='ocrx_word' id='word_1_154' title='bbox 982 2360 1089 2427; x_wconf 79' lang='lat' dir='ltr'>Aetna</span> <span class='ocrx_word' id='word_1_155' title='bbox 1110 2368 1188 2448; x_wconf 93' lang='lat' dir='ltr'>post</span> <span class='ocrx_word' id='word_1_156' title='bbox 1211 2381 1240 2427; x_wconf 93' lang='lat' dir='ltr'>a.</span> <span class='ocrx_word' id='word_1_157' title='bbox 1258 2363 1297 2428; x_wconf 88' lang='lat'>17</span> <span class='ocrx_word' id='word_1_158' title='bbox 1310 2380 1342 2446; x_wconf 87' lang='lat' dir='ltr'>p.</span> 
     </span>
     <span class='ocr_line' id='line_1_20' title="bbox 168 2465 1094 2552; baseline 0 -18"><span class='ocrx_word' id='word_1_159' title='bbox 168 2467 216 2547; x_wconf 76' lang='lat' dir='ltr'>C,</span> <span class='ocrx_word' id='word_1_160' title='bbox 242 2485 310 2552; x_wconf 89' lang='lat' dir='ltr'>quo</span> <span class='ocrx_word' id='word_1_161' title='bbox 335 2465 478 2533; x_wconf 89' lang='lat' dir='ltr'>Ovidius</span> <span class='ocrx_word' id='word_1_162' title='bbox 503 2475 654 2534; x_wconf 89' lang='lat' dir='ltr'>mortuus</span> <span class='ocrx_word' id='word_1_163' title='bbox 678 2473 738 2547; x_wconf 88' lang='lat' dir='ltr'>est,</span> <span class='ocrx_word' id='word_1_164' title='bbox 763 2474 833 2534; x_wconf 91' lang='lat' dir='ltr'>orta</span> <span class='ocrx_word' id='word_1_165' title='bbox 856 2467 986 2534; x_wconf 91' lang='lat' dir='ltr'>videtur</span> <span class='ocrx_word' id='word_1_166' title='bbox 1010 2487 1094 2534; x_wconf 86' lang='lat' dir='ltr'>esse.</span> 
     </span>
     <span class='ocr_line' id='line_1_21' title="bbox 272 2573 1342 2661; baseline 0.002 -21"><span class='ocrx_word' id='word_1_167' title='bbox 272 2575 347 2640; x_wconf 86' lang='lat' dir='ltr'>lam</span> <span class='ocrx_word' id='word_1_168' title='bbox 377 2575 595 2658; x_wconf 83' lang='lat' dir='ltr'>inspiciamus</span> <span class='ocrx_word' id='word_1_169' title='bbox 624 2593 756 2640; x_wconf 92' lang='lat' dir='ltr'>carmen</span> <span class='ocrx_word' id='word_1_170' title='bbox 787 2574 829 2642; x_wconf 91' lang='lat' dir='ltr'>de</span> <span class='ocrx_word' id='word_1_171' title='bbox 858 2573 1110 2655; x_wconf 65' lang='lat' dir='ltr'>astronomicis,</span> <span class='ocrx_word' id='word_1_172' title='bbox 1147 2576 1241 2661; x_wconf 90' lang='lat' dir='ltr'>quod</span> <span class='ocrx_word' id='word_1_173' title='bbox 1273 2594 1342 2661; x_wconf 90' lang='lat' dir='ltr'>quo</span> 
     </span>
     <span class='ocr_line' id='line_1_22' title="bbox 170 2680 1343 2765; baseline 0.002 -18"><span class='ocrx_word' id='word_1_174' title='bbox 170 2680 239 2747; x_wconf 93' lang='lat' dir='ltr'>iure</span> <span class='ocrx_word' id='word_1_175' title='bbox 264 2682 297 2747; x_wconf 95' lang='lat' dir='ltr'>in</span> <span class='ocrx_word' id='word_1_176' title='bbox 323 2681 489 2765; x_wconf 85' lang='lat' dir='ltr'>plerisque</span> <span class='ocrx_word' id='word_1_177' title='bbox 514 2681 634 2746; x_wconf 92' lang='lat' dir='ltr'>libellis</span> <span class='ocrx_word' id='word_1_178' title='bbox 650 2680 792 2748; x_wconf 86' lang='lat' dir='ltr'>Manilio</span> <span class='ocrx_word' id='word_1_179' title='bbox 810 2682 1001 2748; x_wconf 88' lang='lat' dir='ltr'>attributum</span> <span class='ocrx_word' id='word_1_180' title='bbox 1023 2682 1075 2760; x_wconf 87' lang='lat' dir='ltr'>sit,</span> <span class='ocrx_word' id='word_1_181' title='bbox 1101 2683 1260 2749; x_wconf 92' lang='lat' dir='ltr'>incertum</span> <span class='ocrx_word' id='word_1_182' title='bbox 1279 2688 1343 2763; x_wconf 89' lang='lat' dir='ltr'>est;</span> 
     </span>
     <span class='ocr_line' id='line_1_23' title="bbox 168 2786 1417 2873; baseline 0.001 -20"><span class='ocrx_word' id='word_1_183' title='bbox 168 2789 262 2854; x_wconf 89' lang='lat' dir='ltr'>cuius</span> <span class='ocrx_word' id='word_1_184' title='bbox 287 2794 449 2872; x_wconf 89' lang='lat' dir='ltr'>quantum</span> <span class='ocrx_word' id='word_1_185' title='bbox 474 2786 573 2853; x_wconf 84' lang='lat' dir='ltr'>video</span> <span class='ocrx_word' id='word_1_186' title='bbox 599 2787 632 2852; x_wconf 95' lang='lat' dir='ltr'>hi</span> <span class='ocrx_word' id='word_1_187' title='bbox 656 2787 721 2853; x_wconf 92' lang='lat' dir='ltr'>loci</span> <span class='ocrx_word' id='word_1_188' title='bbox 747 2805 822 2852; x_wconf 90' lang='lat' dir='ltr'>cum</span> <span class='ocrx_word' id='word_1_189' title='bbox 839 2786 947 2854; x_wconf 79' lang='lat' dir='ltr'>lletna</span> <span class='ocrx_word' id='word_1_190' title='bbox 972 2788 1189 2873; x_wconf 91' lang='lat' dir='ltr'>comparandi</span> <span class='ocrx_word' id='word_1_191' title='bbox 1213 2788 1341 2873; x_wconf 83' lang='lat' dir='ltr'>sunt²):</span> <span class='ocrx_word' id='word_1_192' title='bbox 1415 2818 1417 2822; x_wconf 95' lang='lat'>·</span> 
     </span>
     <span class='ocr_line' id='line_1_24' title="bbox 166 2892 1343 2976; baseline -0.003 -16"><span class='ocrx_word' id='word_1_193' title='bbox 166 2893 263 2962; x_wconf 81' lang='lat' dir='ltr'>Aeto.</span> <span class='ocrx_word' id='word_1_194' title='bbox 284 2894 323 2960; x_wconf 97' lang='grc'>13</span> <span class='ocrx_word' id='word_1_195' title='bbox 336 2895 453 2975; x_wconf 71' lang='lat' dir='ltr'>slevevct</span> <span class='ocrx_word' id='word_1_196' title='bbox 465 2892 618 2958; x_wconf 82' lang='lat' dir='ltr'>Bocchns</span> <span class='ocrx_word' id='word_1_197' title='bbox 778 2893 870 2959; x_wconf 87' lang='lat' dir='ltr'>Man.</span> <span class='ocrx_word' id='word_1_198' title='bbox 884 2893 929 2959; x_wconf 88' lang='grc' dir='ltr'><strong>ΙΙΙ.</strong></span> <span class='ocrx_word' id='word_1_199' title='bbox 947 2893 1008 2960; x_wconf 90' lang='lat'>153</span> <span class='ocrx_word' id='word_1_200' title='bbox 1022 2894 1190 2959; x_wconf 77' lang='lat' dir='ltr'>Buccinn</span> <span class='ocrx_word' id='word_1_201' title='bbox 1208 2947 1214 2961; x_wconf 93' lang='lat'><strong>.</strong></span> <span class='ocrx_word' id='word_1_202' title='bbox 1235 2944 1264 2958; x_wconf 89' lang='lat'>..</span> <span class='ocrx_word' id='word_1_203' title='bbox 1281 2895 1343 2976; x_wconf 71' lang='lat' dir='ltr'>rin-</span> 
     </span>
     <span class='ocr_line' id='line_1_25' title="bbox 616 3000 1249 3088; baseline 0.008 -24"><span class='ocrx_word' id='word_1_204' title='bbox 616 3050 621 3058; x_wconf 88' lang='lat'><strong><em>.</em></strong></span> <span class='ocrx_word' id='word_1_205' title='bbox 1022 3005 1125 3066; x_wconf 82' lang='lat' dir='ltr'>eniern</span> <span class='ocrx_word' id='word_1_206' title='bbox 1149 3000 1249 3088; x_wconf 58' lang='lat' dir='ltr'>sirm)</span> 
     </span>
     <span class='ocr_line' id='line_1_26' title="bbox 282 3106 1242 3196; baseline -0.001 -21"><span class='ocrx_word' id='word_1_207' title='bbox 282 3106 519 3190; x_wconf 72' lang='lat' dir='ltr'>l9&#39;v&#39;nvposv&#39;tun</span> <span class='ocrx_word' id='word_1_208' title='bbox 532 3112 563 3174; x_wconf 87' lang='lat' dir='ltr'>et</span> <span class='ocrx_word' id='word_1_209' title='bbox 574 3106 608 3194; x_wconf 85' lang='lat' dir='ltr'>(i.</span> <span class='ocrx_word' id='word_1_210' title='bbox 623 3107 682 3193; x_wconf 81' lang='lat' dir='ltr'>in.)</span> <span class='ocrx_word' id='word_1_211' title='bbox 799 3108 834 3175; x_wconf 91' lang='grc' dir='ltr'>ΙΙΙ</span> <span class='ocrx_word' id='word_1_212' title='bbox 850 3108 912 3175; x_wconf 88' lang='grc'>114</span> <span class='ocrx_word' id='word_1_213' title='bbox 927 3107 1079 3191; x_wconf 75' lang='lat' dir='ltr'>inposito</span> <span class='ocrx_word' id='word_1_214' title='bbox 1093 3114 1122 3173; x_wconf 88' lang='lat' dir='ltr'>et</span> <span class='ocrx_word' id='word_1_215' title='bbox 1133 3110 1168 3196; x_wconf 88' lang='lat' dir='ltr'>(i.</span> <span class='ocrx_word' id='word_1_216' title='bbox 1183 3109 1242 3195; x_wconf 86' lang='lat' dir='ltr'>in.)</span> 
     </span>
     <span class='ocr_line' id='line_1_27' title="bbox 278 3214 1343 3299; baseline -0.003 -16"><span class='ocrx_word' id='word_1_217' title='bbox 278 3218 321 3284; x_wconf 77' lang='lat'>46</span> <span class='ocrx_word' id='word_1_218' title='bbox 475 3215 733 3299; x_wconf 54' lang='lat' dir='ltr'>„innpevovbes</span> <span class='ocrx_word' id='word_1_219' title='bbox 824 3214 912 3282; x_wconf 84' lang='grc'>1433</span> <span class='ocrx_word' id='word_1_220' title='bbox 979 3217 1168 3282; x_wconf 76' lang='lat' dir='ltr'>convolvens</span> <span class='ocrx_word' id='word_1_221' title='bbox 1189 3237 1343 3298; x_wconf 80' lang='lat' dir='ltr'>sqnnnen</span> 
     </span>
     <span class='ocr_line' id='line_1_28' title="bbox 333 3323 1345 3407; baseline 0 -18"><span class='ocrx_word' id='word_1_222' title='bbox 333 3323 656 3406; x_wconf 80' lang='lat' dir='ltr'>sqvnnensintortos</span> <span class='ocrx_word' id='word_1_223' title='bbox 934 3328 1023 3406; x_wconf 78' lang='lat' dir='ltr'>terpn</span> <span class='ocrx_word' id='word_1_224' title='bbox 1047 3323 1176 3388; x_wconf 70' lang='lat' dir='ltr'>ordiner</span> <span class='ocrx_word' id='word_1_225' title='bbox 1199 3323 1345 3407; x_wconf 78' lang='lat' dir='ltr'>insnrpit</span> 
     </span>
     <span class='ocr_line' id='line_1_29' title="bbox 934 3429 1344 3497; baseline 0.005 -2"><span class='ocrx_word' id='word_1_226' title='bbox 934 3429 1025 3495; x_wconf 79' lang='lat' dir='ltr'>tortis</span> <span class='ocrx_word' id='word_1_227' title='bbox 1314 3430 1344 3497; x_wconf 86' lang='lat' dir='ltr'><strong>A</strong></span> 
     </span>
     <span class='ocr_line' id='line_1_30' title="bbox 278 3535 1344 3621; baseline -0.004 -15"><span class='ocrx_word' id='word_1_228' title='bbox 278 3538 321 3606; x_wconf 86' lang='grc'>67</span> <span class='ocrx_word' id='word_1_229' title='bbox 334 3577 378 3586; x_wconf 87' lang='lat'>-</span> <span class='ocrx_word' id='word_1_230' title='bbox 401 3543 568 3621; x_wconf 77' lang='lat' dir='ltr'>rnntevvne</span> <span class='ocrx_word' id='word_1_231' title='bbox 590 3537 732 3603; x_wconf 85' lang='lat' dir='ltr'>iacentes</span> <span class='ocrx_word' id='word_1_232' title='bbox 807 3536 963 3604; x_wconf 80' lang='lat'>11255—</span> <span class='ocrx_word' id='word_1_233' title='bbox 984 3557 1171 3618; x_wconf 79' lang='lat' dir='ltr'>semperque</span> <span class='ocrx_word' id='word_1_234' title='bbox 1202 3535 1344 3602; x_wconf 83' lang='lat' dir='ltr'>iacentes</span> 
     </span>
    </p>
   </div>
   <div class='ocr_carea' id='block_1_7' title="bbox 334 3643 1043 3733">
    <p class='ocr_par' dir='ltr' id='par_1_7' title="bbox 334 3643 1043 3733">
     <span class='ocr_line' id='line_1_31' title="bbox 334 3643 1043 3733; baseline -0.006 0"><span class='ocrx_word' id='word_1_235' title='bbox 334 3646 368 3732; x_wconf 76' lang='lat' dir='ltr'>(i-</span> <span class='ocrx_word' id='word_1_236' title='bbox 387 3646 440 3733; x_wconf 84' lang='lat' dir='ltr'>cl.)</span> <span class='ocrx_word' id='word_1_237' title='bbox 930 3643 964 3729; x_wconf 76' lang='lat' dir='ltr'>(i-</span> <span class='ocrx_word' id='word_1_238' title='bbox 990 3643 1043 3730; x_wconf 86' lang='lat' dir='ltr'>cl.)</span> 
     </span>
    </p>
   </div>
   <div class='ocr_carea' id='block_1_8' title="bbox 274 3789 1455 3876">
    <p class='ocr_par' dir='ltr' id='par_1_8' title="bbox 274 3789 1455 3876">
     <span class='ocr_line' id='line_1_32' title="bbox 274 3789 1455 3876; baseline 0 -14"><span class='ocrx_word' id='word_1_239' title='bbox 274 3808 296 3876; x_wconf 82' lang='lat'>¹)</span> <span class='ocrx_word' id='word_1_240' title='bbox 315 3807 349 3862; x_wconf 87' lang='lat' dir='ltr'>V.</span> <span class='ocrx_word' id='word_1_241' title='bbox 370 3804 396 3858; x_wconf 87' lang='lat' dir='ltr'>d.</span> <span class='ocrx_word' id='word_1_242' title='bbox 417 3803 550 3875; x_wconf 81' lang='lat' dir='ltr'>exemplo</span> <span class='ocrx_word' id='word_1_243' title='bbox 565 3805 657 3857; x_wconf 89' lang='lat' dir='ltr'>utitur</span> <span class='ocrx_word' id='word_1_244' title='bbox 669 3801 841 3872; x_wconf 82' lang='lat' dir='ltr'>Manilian03</span> <span class='ocrx_word' id='word_1_245' title='bbox 863 3807 949 3873; x_wconf 91' lang='lat' dir='ltr'>poeta</span> <span class='ocrx_word' id='word_1_246' title='bbox 968 3800 1016 3857; x_wconf 84' lang='lat' dir='ltr'>ille</span> <span class='ocrx_word' id='word_1_247' title='bbox 1035 3803 1125 3859; x_wconf 78' lang='lat' dir='ltr'>V224</span> <span class='ocrx_word' id='word_1_248' title='bbox 1144 3801 1225 3856; x_wconf 83' lang='lat' dir='ltr'>dicit:</span> <span class='ocrx_word' id='word_1_249' title='bbox 1246 3807 1344 3876; x_wconf 77' lang='lat' dir='ltr'>linpnn</span> <span class='ocrx_word' id='word_1_250' title='bbox 1452 3789 1455 3794; x_wconf 32' lang='lat'><strong>¹</strong></span> 
     </span>
    </p>
   </div>
   <div class='ocr_carea' id='block_1_9' title="bbox 166 3892 1343 3965">
    <p class='ocr_par' dir='ltr' id='par_1_9' title="bbox 166 3892 1343 3965">
     <span class='ocr_line' id='line_1_33' title="bbox 166 3892 1343 3965; baseline -0.008 -11"><span class='ocrx_word' id='word_1_251' title='bbox 166 3900 239 3954; x_wconf 80' lang='lat' dir='ltr'>rabit</span> <span class='ocrx_word' id='word_1_252' title='bbox 260 3903 285 3953; x_wconf 88' lang='lat' dir='ltr'>et</span> <span class='ocrx_word' id='word_1_253' title='bbox 305 3898 397 3952; x_wconf 81' lang='lat' dir='ltr'>dentes</span> <span class='ocrx_word' id='word_1_254' title='bbox 415 3899 446 3951; x_wconf 87' lang='lat' dir='ltr'>in</span> <span class='ocrx_word' id='word_1_255' title='bbox 461 3899 524 3950; x_wconf 81' lang='lat' dir='ltr'>&#39;noce</span> <span class='ocrx_word' id='word_1_256' title='bbox 541 3896 672 3965; x_wconf 80' lang='lat' dir='ltr'>relinquit</span> <span class='ocrx_word' id='word_1_257' title='bbox 691 3910 742 3963; x_wconf 92' lang='lat' dir='ltr'>pro</span> <span class='ocrx_word' id='word_1_258' title='bbox 762 3912 835 3950; x_wconf 81' lang='lat' dir='ltr'>noces</span> <span class='ocrx_word' id='word_1_259' title='bbox 853 3895 885 3949; x_wconf 82' lang='lat' dir='ltr'>in</span> <span class='ocrx_word' id='word_1_260' title='bbox 903 3895 982 3950; x_wconf 76' lang='lat' dir='ltr'>ciente</span> <span class='ocrx_word' id='word_1_261' title='bbox 999 3896 1131 3964; x_wconf 77' lang='lat' dir='ltr'>relinquit</span> <span class='ocrx_word' id='word_1_262' title='bbox 1151 3892 1251 3964; x_wconf 89' lang='lat' dir='ltr'>(Beitr.</span> <span class='ocrx_word' id='word_1_263' title='bbox 1264 3910 1291 3964; x_wconf 88' lang='lat' dir='ltr'>p.</span> <span class='ocrx_word' id='word_1_264' title='bbox 1305 3894 1343 3964; x_wconf 88' lang='lat'>9).</span> 
     </span>
    </p>
   </div>
   <div class='ocr_carea' id='block_1_10' title="bbox 83 3981 1343 4052">
    <p class='ocr_par' dir='ltr' id='par_1_10' title="bbox 83 3981 1343 4052">
     <span class='ocr_line' id='line_1_34' title="bbox 83 3981 1343 4052; baseline 0.002 -14"><span class='ocrx_word' id='word_1_265' title='bbox 83 4036 91 4051; x_wconf 76' lang='grc'>,</span> <span class='ocrx_word' id='word_1_266' title='bbox 166 3983 247 4051; x_wconf 85' lang='lat' dir='ltr'>Ellis,</span> <span class='ocrx_word' id='word_1_267' title='bbox 267 3989 300 4037; x_wconf 89' lang='lat' dir='ltr'>ut</span> <span class='ocrx_word' id='word_1_268' title='bbox 319 3984 433 4037; x_wconf 82' lang='lat' dir='ltr'>Aetnae</span> <span class='ocrx_word' id='word_1_269' title='bbox 452 3983 549 4036; x_wconf 90' lang='lat' dir='ltr'>locum</span> <span class='ocrx_word' id='word_1_270' title='bbox 564 3983 710 4052; x_wconf 81' lang='lat' dir='ltr'>explanet,</span> <span class='ocrx_word' id='word_1_271' title='bbox 729 3981 805 4035; x_wconf 90' lang='lat' dir='ltr'>Livii</span> <span class='ocrx_word' id='word_1_272' title='bbox 819 3982 1004 4034; x_wconf 89' lang='lat' dir='ltr'>enuntiatum</span> <span class='ocrx_word' id='word_1_273' title='bbox 1018 3981 1133 4035; x_wconf 82' lang='lat' dir='ltr'>laudat:</span> <span class='ocrx_word' id='word_1_274' title='bbox 1152 3985 1183 4038; x_wconf 93' lang='lat' dir='ltr'>in</span> <span class='ocrx_word' id='word_1_275' title='bbox 1201 4002 1261 4039; x_wconf 85' lang='lat' dir='ltr'>nno</span> <span class='ocrx_word' id='word_1_276' title='bbox 1277 3985 1343 4039; x_wconf 82' lang='lat' dir='ltr'>vrbe</span> 
     </span>
    </p>
   </div>
   <div class='ocr_carea' id='block_1_11' title="bbox 165 4070 1380 4602">
    <p class='ocr_par' dir='ltr' id='par_1_11' title="bbox 165 4070 1380 4320">
     <span class='ocr_line' id='line_1_35' title="bbox 166 4070 1380 4145; baseline -0.006 -13"><span class='ocrx_word' id='word_1_277' title='bbox 166 4077 290 4145; x_wconf 71' lang='lat' dir='ltr'>ceperitis</span> <span class='ocrx_word' id='word_1_278' title='bbox 302 4077 459 4130; x_wconf 74' lang='lat' dir='ltr'>nniversam</span> <span class='ocrx_word' id='word_1_279' title='bbox 472 4076 651 4144; x_wconf 80' lang='lat' dir='ltr'>Hispaniam,</span> <span class='ocrx_word' id='word_1_280' title='bbox 666 4071 744 4142; x_wconf 87' lang='lat' dir='ltr'>quod</span> <span class='ocrx_word' id='word_1_281' title='bbox 756 4071 920 4142; x_wconf 82' lang='lat' dir='ltr'>exemplum</span> <span class='ocrx_word' id='word_1_282' title='bbox 934 4089 994 4124; x_wconf 91' lang='lat' dir='ltr'>non</span> <span class='ocrx_word' id='word_1_283' title='bbox 1006 4070 1128 4142; x_wconf 80' lang='lat' dir='ltr'>quadrat</span> <span class='ocrx_word' id='word_1_284' title='bbox 1141 4072 1195 4125; x_wconf 87' lang='lat' dir='ltr'>nisi</span> <span class='ocrx_word' id='word_1_285' title='bbox 1206 4075 1343 4141; x_wconf 85' lang='lat' dir='ltr'>putamus</span> <span class='ocrx_word' id='word_1_286' title='bbox 1377 4079 1380 4083; x_wconf 84' lang='lat'>&#39;</span> 
     </span>
     <span class='ocr_line' id='line_1_36' title="bbox 165 4160 1344 4234; baseline -0.001 -18"><span class='ocrx_word' id='word_1_287' title='bbox 165 4163 291 4234; x_wconf 84' lang='lat' dir='ltr'>figuram</span> <span class='ocrx_word' id='word_1_288' title='bbox 316 4161 396 4214; x_wconf 85' lang='lat' dir='ltr'>illam</span> <span class='ocrx_word' id='word_1_289' title='bbox 416 4160 573 4214; x_wconf 85' lang='lat' dir='ltr'>adhibitam</span> <span class='ocrx_word' id='word_1_290' title='bbox 598 4162 832 4230; x_wconf 82' lang='lat' dir='ltr'>sententiamque</span> <span class='ocrx_word' id='word_1_291' title='bbox 859 4160 1088 4231; x_wconf 82' lang='lat' dir='ltr'>intellegendam</span> <span class='ocrx_word' id='word_1_292' title='bbox 1108 4177 1186 4215; x_wconf 84' lang='lat' dir='ltr'>esse:</span> <span class='ocrx_word' id='word_1_293' title='bbox 1213 4164 1244 4218; x_wconf 89' lang='lat' dir='ltr'>in</span> <span class='ocrx_word' id='word_1_294' title='bbox 1264 4162 1344 4217; x_wconf 74' lang='lat' dir='ltr'>delete</span> 
     </span>
     <span class='ocr_line' id='line_1_37' title="bbox 165 4248 1167 4320; baseline -0.008 -9"><span class='ocrx_word' id='word_1_295' title='bbox 165 4272 265 4311; x_wconf 80' lang='lat' dir='ltr'>senen.</span> <span class='ocrx_word' id='word_1_296' title='bbox 284 4250 393 4304; x_wconf 82' lang='lat' dir='ltr'>Contra</span> <span class='ocrx_word' id='word_1_297' title='bbox 413 4248 549 4320; x_wconf 83' lang='lat' dir='ltr'>Scaliger,</span> <span class='ocrx_word' id='word_1_298' title='bbox 569 4267 636 4303; x_wconf 90' lang='lat' dir='ltr'>cum</span> <span class='ocrx_word' id='word_1_299' title='bbox 655 4249 738 4304; x_wconf 90' lang='lat' dir='ltr'>aliter</span> <span class='ocrx_word' id='word_1_300' title='bbox 756 4250 886 4315; x_wconf 82' lang='lat' dir='ltr'>sentiret,</span> <span class='ocrx_word' id='word_1_301' title='bbox 906 4250 1033 4320; x_wconf 82' lang='lat' dir='ltr'>scripsit:</span> <span class='ocrx_word' id='word_1_302' title='bbox 1052 4252 1167 4308; x_wconf 81' lang='lat' dir='ltr'>senine.</span> 
     </span>
    </p>

    <p class='ocr_par' dir='ltr' id='par_1_12' title="bbox 166 4337 1343 4500">
     <span class='ocr_line' id='line_1_38' title="bbox 273 4337 1343 4413; baseline 0 -20"><span class='ocrx_word' id='word_1_303' title='bbox 273 4339 295 4411; x_wconf 83' lang='grc'>2)</span> <span class='ocrx_word' id='word_1_304' title='bbox 308 4340 342 4393; x_wconf 83' lang='lat' dir='ltr'>ln</span> <span class='ocrx_word' id='word_1_305' title='bbox 353 4339 463 4392; x_wconf 87' lang='lat' dir='ltr'>Manilii</span> <span class='ocrx_word' id='word_1_306' title='bbox 476 4339 608 4394; x_wconf 85' lang='lat' dir='ltr'>versibus</span> <span class='ocrx_word' id='word_1_307' title='bbox 620 4337 777 4394; x_wconf 84' lang='lat' dir='ltr'>afferendis</span> <span class='ocrx_word' id='word_1_308' title='bbox 788 4337 946 4393; x_wconf 86' lang='lat' dir='ltr'>editionem</span> <span class='ocrx_word' id='word_1_309' title='bbox 958 4355 1072 4411; x_wconf 87' lang='lat' dir='ltr'>sequor,</span> <span class='ocrx_word' id='word_1_310' title='bbox 1084 4356 1169 4413; x_wconf 90' lang='lat' dir='ltr'>quam</span> <span class='ocrx_word' id='word_1_311' title='bbox 1184 4338 1343 4394; x_wconf 83' lang='lat' dir='ltr'>novissimo</span> 
     </span>
     <span class='ocr_line' id='line_1_39' title="bbox 166 4428 794 4500; baseline -0.006 -14"><span class='ocrx_word' id='word_1_312' title='bbox 166 4429 274 4486; x_wconf 84' lang='lat' dir='ltr'>Theod.</span> <span class='ocrx_word' id='word_1_313' title='bbox 294 4430 407 4485; x_wconf 89' lang='lat' dir='ltr'>Breiter</span> <span class='ocrx_word' id='word_1_314' title='bbox 426 4428 552 4500; x_wconf 80' lang='lat' dir='ltr'>(Lipsiae</span> <span class='ocrx_word' id='word_1_315' title='bbox 573 4428 654 4499; x_wconf 81' lang='lat'>1907)</span> <span class='ocrx_word' id='word_1_316' title='bbox 675 4428 794 4483; x_wconf 84' lang='lat' dir='ltr'>curavit.</span> 
     </span>
    </p>

    <p class='ocr_par' dir='ltr' id='par_1_13' title="bbox 272 4518 626 4602">
     <span class='ocr_line' id='line_1_40' title="bbox 272 4518 626 4602; baseline 0.008 -26"><span class='ocrx_word' id='word_1_317' title='bbox 272 4521 295 4599; x_wconf 79' lang='lat'>³)</span> <span class='ocrx_word' id='word_1_318' title='bbox 314 4520 416 4577; x_wconf 87' lang='lat' dir='ltr'>Philol.</span> <span class='ocrx_word' id='word_1_319' title='bbox 438 4518 507 4602; x_wconf 79' lang='lat'>1898</span> <span class='ocrx_word' id='word_1_320' title='bbox 525 4537 552 4596; x_wconf 87' lang='lat' dir='ltr'>p.</span> <span class='ocrx_word' id='word_1_321' title='bbox 566 4519 626 4579; x_wconf 82' lang='lat'><strong>616.</strong></span> 
     </span>
    </p>
   </div>
   <div class='ocr_carea' id='block_1_12' title="bbox 0 0 1516 5024">
    <p class='ocr_par' dir='ltr' id='par_1_14' title="bbox 0 0 1516 5024">
     <span class='ocr_line' id='line_1_41' title="bbox 0 0 1516 5024; baseline 0 0"><span class='ocrx_word' id='word_1_322' title='bbox 0 0 1516 5024; x_wconf 95' lang='lat' dir='ltr'> </span> 
     </span>
    </p>
   </div>
  </div>
 </body>
</html>
