<?xml version="1.0" encoding="UTF-8"?>
<!DOCTYPE html PUBLIC "-//W3C//DTD XHTML 1.0 Transitional//EN"
    "http://www.w3.org/TR/xhtml1/DTD/xhtml1-transitional.dtd">
<html xmlns="http://www.w3.org/1999/xhtml" xml:lang="en" lang="en">
 <head>
  <title>
</title>
<meta http-equiv="Content-Type" content="text/html;charset=utf-8" />
  <meta name='ocr-system' content='tesseract 3.04.00' />
  <meta name='ocr-capabilities' content='ocr_page ocr_carea ocr_par ocr_line ocrx_word'/>
</head>
<body>
  <div class='ocr_page' id='page_1' title='image "./deaetnaeaetate00cathgoog_0053.png"; bbox 0 0 3022 5024; ppageno 0'>
   <div class='ocr_carea' id='block_1_1' title="bbox 618 1268 882 1371">
    <p class='ocr_par' dir='ltr' id='par_1_1' title="bbox 618 1268 882 1371">
     <span class='ocr_line' id='line_1_1' title="bbox 618 1268 882 1371; baseline -0.004 -19"><span class='ocrx_word' id='word_1_1' title='bbox 618 1269 778 1371; x_wconf 79' lang='lat' dir='ltr'>Caput</span> <span class='ocrx_word' id='word_1_2' title='bbox 803 1268 882 1351; x_wconf 90' lang='lat' dir='ltr'>IV.</span> 
     </span>
    </p>
   </div>
   <div class='ocr_carea' id='block_1_2' title="bbox 153 1587 1339 3807">
    <p class='ocr_par' dir='ltr' id='par_1_2' title="bbox 153 1587 1339 2415">
     <span class='ocr_line' id='line_1_2' title="bbox 269 1587 1337 1676; baseline -0.005 -19"><span class='ocrx_word' id='word_1_3' title='bbox 269 1590 344 1657; x_wconf 85' lang='lat' dir='ltr'>Jam</span> <span class='ocrx_word' id='word_1_4' title='bbox 374 1588 583 1676; x_wconf 89' lang='lat' dir='ltr'>pergendum</span> <span class='ocrx_word' id='word_1_5' title='bbox 613 1595 663 1656; x_wconf 85' lang='lat' dir='ltr'>est</span> <span class='ocrx_word' id='word_1_6' title='bbox 691 1589 733 1656; x_wconf 93' lang='lat' dir='ltr'>ad</span> <span class='ocrx_word' id='word_1_7' title='bbox 763 1608 837 1657; x_wconf 89' lang='lat' dir='ltr'>eam</span> <span class='ocrx_word' id='word_1_8' title='bbox 867 1587 1175 1655; x_wconf 88' lang='lat' dir='ltr'>dissertatiunculae</span> <span class='ocrx_word' id='word_1_9' title='bbox 1200 1594 1337 1671; x_wconf 87' lang='lat' dir='ltr'>partem,</span> 
     </span>
     <span class='ocr_line' id='line_1_3' title="bbox 164 1680 1337 1788; baseline -0.003 -25"><span class='ocrx_word' id='word_1_10' title='bbox 164 1716 229 1782; x_wconf 89' lang='lat' dir='ltr'>qua</span> <span class='ocrx_word' id='word_1_11' title='bbox 255 1697 296 1763; x_wconf 88' lang='lat' dir='ltr'>de</span> <span class='ocrx_word' id='word_1_12' title='bbox 321 1697 421 1762; x_wconf 90' lang='lat' dir='ltr'>huius</span> <span class='ocrx_word' id='word_1_13' title='bbox 439 1680 565 1788; x_wconf 88' lang='lat' dir='ltr'>poetae</span> <span class='ocrx_word' id='word_1_14' title='bbox 590 1696 780 1763; x_wconf 84' lang='lat' dir='ltr'>elocutione</span> <span class='ocrx_word' id='word_1_15' title='bbox 798 1714 904 1780; x_wconf 94' lang='lat' dir='ltr'>pauca</span> <span class='ocrx_word' id='word_1_16' title='bbox 929 1694 1037 1761; x_wconf 86' lang='lat' dir='ltr'>dicere</span> <span class='ocrx_word' id='word_1_17' title='bbox 1062 1695 1095 1761; x_wconf 93' lang='lat' dir='ltr'>in</span> <span class='ocrx_word' id='word_1_18' title='bbox 1120 1694 1235 1761; x_wconf 90' lang='lat' dir='ltr'>animo</span> <span class='ocrx_word' id='word_1_19' title='bbox 1259 1700 1337 1760; x_wconf 82' lang='lat' dir='ltr'>erat.</span> 
     </span>
     <span class='ocr_line' id='line_1_4' title="bbox 162 1800 1339 1889; baseline -0.003 -19"><span class='ocrx_word' id='word_1_20' title='bbox 162 1802 210 1870; x_wconf 77' lang='lat' dir='ltr'>Ac</span> <span class='ocrx_word' id='word_1_21' title='bbox 234 1805 377 1889; x_wconf 91' lang='lat' dir='ltr'>primum</span> <span class='ocrx_word' id='word_1_22' title='bbox 402 1802 577 1869; x_wconf 89' lang='lat' dir='ltr'>videamus</span> <span class='ocrx_word' id='word_1_23' title='bbox 602 1802 644 1869; x_wconf 89' lang='lat' dir='ltr'>de</span> <span class='ocrx_word' id='word_1_24' title='bbox 668 1803 766 1888; x_wconf 90' lang='lat' dir='ltr'>copia</span> <span class='ocrx_word' id='word_1_25' title='bbox 789 1803 977 1869; x_wconf 88' lang='lat' dir='ltr'>verborum.</span> <span class='ocrx_word' id='word_1_26' title='bbox 1012 1800 1184 1868; x_wconf 85' lang='lat' dir='ltr'>Nonnulla</span> <span class='ocrx_word' id='word_1_27' title='bbox 1208 1805 1339 1867; x_wconf 84' lang='lat' dir='ltr'>exstant</span> 
     </span>
     <span class='ocr_line' id='line_1_5' title="bbox 164 1906 1337 1993; baseline -0.003 -18"><span class='ocrx_word' id='word_1_28' title='bbox 164 1911 197 1975; x_wconf 91' lang='lat' dir='ltr'>in</span> <span class='ocrx_word' id='word_1_29' title='bbox 234 1911 379 1977; x_wconf 83' lang='lat' dir='ltr'>carmine</span> <span class='ocrx_word' id='word_1_30' title='bbox 414 1910 524 1989; x_wconf 87' lang='lat' dir='ltr'>verba,</span> <span class='ocrx_word' id='word_1_31' title='bbox 559 1928 645 1993; x_wconf 90' lang='lat' dir='ltr'>quae</span> <span class='ocrx_word' id='word_1_32' title='bbox 675 1909 799 1975; x_wconf 88' lang='lat' dir='ltr'>auctori</span> <span class='ocrx_word' id='word_1_33' title='bbox 831 1908 1025 1974; x_wconf 91' lang='lat' dir='ltr'>communia</span> <span class='ocrx_word' id='word_1_34' title='bbox 1053 1913 1131 1974; x_wconf 90' lang='lat' dir='ltr'>sunt</span> <span class='ocrx_word' id='word_1_35' title='bbox 1160 1924 1236 1973; x_wconf 93' lang='lat' dir='ltr'>cum</span> <span class='ocrx_word' id='word_1_36' title='bbox 1260 1906 1337 1973; x_wconf 93' lang='lat' dir='ltr'>scri-</span> 
     </span>
     <span class='ocr_line' id='line_1_6' title="bbox 163 2011 1338 2102; baseline -0.002 -20"><span class='ocrx_word' id='word_1_37' title='bbox 163 2017 315 2102; x_wconf 85' lang='lat' dir='ltr'>ptoribus</span> <span class='ocrx_word' id='word_1_38' title='bbox 337 2014 539 2100; x_wconf 91' lang='lat' dir='ltr'>quibusdam</span> <span class='ocrx_word' id='word_1_39' title='bbox 564 2016 636 2082; x_wconf 88' lang='lat' dir='ltr'>aevi</span> <span class='ocrx_word' id='word_1_40' title='bbox 660 2015 819 2100; x_wconf 89' lang='lat' dir='ltr'>argentei,</span> <span class='ocrx_word' id='word_1_41' title='bbox 844 2014 938 2099; x_wconf 90' lang='lat' dir='ltr'>quod</span> <span class='ocrx_word' id='word_1_42' title='bbox 960 2020 1106 2080; x_wconf 87' lang='lat' dir='ltr'>vocatur.</span> <span class='ocrx_word' id='word_1_43' title='bbox 1141 2011 1190 2080; x_wconf 78' lang='lat' dir='ltr'>Ac</span> <span class='ocrx_word' id='word_1_44' title='bbox 1213 2012 1255 2080; x_wconf 91' lang='lat' dir='ltr'>de</span> <span class='ocrx_word' id='word_1_45' title='bbox 1278 2031 1338 2080; x_wconf 92' lang='lat' dir='ltr'>vo-</span> 
     </span>
     <span class='ocr_line' id='line_1_7' title="bbox 163 2119 1339 2207; baseline -0.003 -18"><span class='ocrx_word' id='word_1_46' title='bbox 163 2121 290 2189; x_wconf 89' lang='lat' dir='ltr'>cabulis</span> <span class='ocrx_word' id='word_1_47' title='bbox 314 2142 589 2187; x_wconf 67' lang='lat' dir='ltr'>nominandarum</span> <span class='ocrx_word' id='word_1_48' title='bbox 612 2121 655 2207; x_wconf 83' lang='lat' dir='ltr'>(V.</span> <span class='ocrx_word' id='word_1_49' title='bbox 673 2121 738 2187; x_wconf 84' lang='grc'>299</span> <span class='ocrx_word' id='word_1_50' title='bbox 754 2121 812 2188; x_wconf 87' lang='lat' dir='ltr'>Sil.</span> <span class='ocrx_word' id='word_1_51' title='bbox 830 2121 921 2207; x_wconf 81' lang='lat' dir='ltr'>ital),</span> <span class='ocrx_word' id='word_1_52' title='bbox 944 2141 1081 2186; x_wconf 71' lang='lat' dir='ltr'>suenrus</span> <span class='ocrx_word' id='word_1_53' title='bbox 1104 2119 1147 2205; x_wconf 91' lang='lat' dir='ltr'>(v.</span> <span class='ocrx_word' id='word_1_54' title='bbox 1172 2119 1248 2200; x_wconf 84' lang='lat'><strong>269,</strong></span> <span class='ocrx_word' id='word_1_55' title='bbox 1272 2119 1339 2186; x_wconf 89' lang='lat'>535</span> 
     </span>
     <span class='ocr_line' id='line_1_8' title="bbox 162 2226 1338 2315; baseline -0.001 -21"><span class='ocrx_word' id='word_1_56' title='bbox 162 2228 271 2314; x_wconf 76' lang='lat' dir='ltr'>plin),</span> <span class='ocrx_word' id='word_1_57' title='bbox 297 2228 419 2311; x_wconf 72' lang='lat' dir='ltr'>emaqtr</span> <span class='ocrx_word' id='word_1_58' title='bbox 441 2227 519 2313; x_wconf 82' lang='lat'>(296</span> <span class='ocrx_word' id='word_1_59' title='bbox 536 2227 691 2315; x_wconf 83' lang='lat' dir='ltr'>Quintil.)</span> <span class='ocrx_word' id='word_1_60' title='bbox 715 2227 856 2293; x_wconf 77' lang='lat' dir='ltr'>lentities</span> <span class='ocrx_word' id='word_1_61' title='bbox 873 2226 951 2313; x_wconf 91' lang='grc'>(544</span> <span class='ocrx_word' id='word_1_62' title='bbox 968 2226 1067 2313; x_wconf 89' lang='lat' dir='ltr'>Plin.)</span> <span class='ocrx_word' id='word_1_63' title='bbox 1088 2227 1154 2293; x_wconf 86' lang='lat' dir='ltr'>iam</span> <span class='ocrx_word' id='word_1_64' title='bbox 1171 2226 1338 2293; x_wconf 87' lang='lat' dir='ltr'>admonu-</span> 
     </span>
     <span class='ocr_line' id='line_1_9' title="bbox 153 2320 807 2415; baseline -0.002 -13"><span class='ocrx_word' id='word_1_65' title='bbox 153 2320 259 2402; x_wconf 82' lang='lat' dir='ltr'>&#39;erunt</span> <span class='ocrx_word' id='word_1_66' title='bbox 281 2356 333 2402; x_wconf 86' lang='lat' dir='ltr'>vv.</span> <span class='ocrx_word' id='word_1_67' title='bbox 360 2334 426 2415; x_wconf 89' lang='lat' dir='ltr'>dd,</span> <span class='ocrx_word' id='word_1_68' title='bbox 451 2335 515 2401; x_wconf 88' lang='lat' dir='ltr'>alia</span> <span class='ocrx_word' id='word_1_69' title='bbox 540 2333 696 2401; x_wconf 89' lang='lat' dir='ltr'>addenda</span> <span class='ocrx_word' id='word_1_70' title='bbox 720 2341 807 2401; x_wconf 91' lang='lat' dir='ltr'>sunt.</span> 
     </span>
    </p>

    <p class='ocr_par' dir='ltr' id='par_1_3' title="bbox 162 2439 1338 2952">
     <span class='ocr_line' id='line_1_10' title="bbox 269 2439 1336 2526; baseline -0.001 -18"><span class='ocrx_word' id='word_1_71' title='bbox 269 2442 305 2508; x_wconf 91' lang='lat' dir='ltr'>ln</span> <span class='ocrx_word' id='word_1_72' title='bbox 328 2463 359 2509; x_wconf 89' lang='lat' dir='ltr'>v.</span> <span class='ocrx_word' id='word_1_73' title='bbox 381 2441 445 2507; x_wconf 85' lang='lat'>372</span> <span class='ocrx_word' id='word_1_74' title='bbox 469 2442 627 2526; x_wconf 89' lang='lat' dir='ltr'>legimus:</span> <span class='ocrx_word' id='word_1_75' title='bbox 659 2463 717 2506; x_wconf 78' lang='lat' dir='ltr'>aaa</span> <span class='ocrx_word' id='word_1_76' title='bbox 735 2462 862 2523; x_wconf 76' lang='lat' dir='ltr'>parans</span> <span class='ocrx_word' id='word_1_77' title='bbox 890 2439 1056 2506; x_wconf 74' lang='lat' dir='ltr'>mendicat</span> <span class='ocrx_word' id='word_1_78' title='bbox 1082 2460 1172 2522; x_wconf 55' lang='lat' dir='ltr'>opos·</span> <span class='ocrx_word' id='word_1_79' title='bbox 1198 2441 1336 2507; x_wconf 92' lang='lat' dir='ltr'>verbum</span> 
     </span>
     <span class='ocr_line' id='line_1_11' title="bbox 162 2548 1338 2633; baseline 0.001 -21"><span class='ocrx_word' id='word_1_80' title='bbox 162 2548 348 2613; x_wconf 70' lang='lat' dir='ltr'>armanore</span> <span class='ocrx_word' id='word_1_81' title='bbox 375 2554 452 2633; x_wconf 88' lang='lat' dir='ltr'>post</span> <span class='ocrx_word' id='word_1_82' title='bbox 480 2548 632 2614; x_wconf 85' lang='lat' dir='ltr'>Plautum</span> <span class='ocrx_word' id='word_1_83' title='bbox 670 2567 745 2614; x_wconf 94' lang='lat' dir='ltr'>cum</span> <span class='ocrx_word' id='word_1_84' title='bbox 776 2549 977 2626; x_wconf 86' lang='lat' dir='ltr'>accusativo,</span> <span class='ocrx_word' id='word_1_85' title='bbox 1013 2555 1175 2632; x_wconf 86' lang='lat' dir='ltr'>quantum</span> <span class='ocrx_word' id='word_1_86' title='bbox 1200 2548 1281 2628; x_wconf 88' lang='lat' dir='ltr'>scio,</span> <span class='ocrx_word' id='word_1_87' title='bbox 1318 2566 1338 2613; x_wconf 89' lang='lat' dir='ltr'>a</span> 
     </span>
     <span class='ocr_line' id='line_1_12' title="bbox 163 2653 1337 2740; baseline -0.001 -19"><span class='ocrx_word' id='word_1_88' title='bbox 163 2654 374 2736; x_wconf 88' lang='lat' dir='ltr'>Quintiliano</span> <span class='ocrx_word' id='word_1_89' title='bbox 391 2653 466 2720; x_wconf 93' lang='lat' dir='ltr'>solo</span> <span class='ocrx_word' id='word_1_90' title='bbox 484 2655 659 2739; x_wconf 91' lang='lat' dir='ltr'>copulatur</span> <span class='ocrx_word' id='word_1_91' title='bbox 681 2654 787 2740; x_wconf 86' lang='lat' dir='ltr'>(Decl.</span> <span class='ocrx_word' id='word_1_92' title='bbox 803 2654 925 2740; x_wconf 74' lang='grc'>9124),</span> <span class='ocrx_word' id='word_1_93' title='bbox 951 2655 1015 2721; x_wconf 88' lang='lat' dir='ltr'>nisi</span> <span class='ocrx_word' id='word_1_94' title='bbox 1032 2654 1125 2739; x_wconf 90' lang='lat' dir='ltr'>quod</span> <span class='ocrx_word' id='word_1_95' title='bbox 1150 2661 1232 2740; x_wconf 86' lang='lat' dir='ltr'>part.¹</span> <span class='ocrx_word' id='word_1_96' title='bbox 1256 2653 1337 2739; x_wconf 83' lang='lat' dir='ltr'>perf.</span> 
     </span>
     <span class='ocr_line' id='line_1_13' title="bbox 162 2758 1336 2848; baseline -0.001 -21"><span class='ocrx_word' id='word_1_97' title='bbox 162 2781 251 2848; x_wconf 80' lang='lat' dir='ltr'>pass,</span> <span class='ocrx_word' id='word_1_98' title='bbox 277 2761 524 2846; x_wconf 84' lang='lat' dir='ltr'>significatione</span> <span class='ocrx_word' id='word_1_99' title='bbox 549 2762 688 2827; x_wconf 91' lang='lat' dir='ltr'>occurrit</span> <span class='ocrx_word' id='word_1_100' title='bbox 708 2761 876 2827; x_wconf 90' lang='lat' dir='ltr'>transitiva</span> <span class='ocrx_word' id='word_1_101' title='bbox 894 2759 985 2845; x_wconf 91' lang='lat' dir='ltr'>apud</span> <span class='ocrx_word' id='word_1_102' title='bbox 1002 2758 1162 2827; x_wconf 93' lang='lat' dir='ltr'>Ovidium</span> <span class='ocrx_word' id='word_1_103' title='bbox 1186 2759 1336 2846; x_wconf 86' lang='lat' dir='ltr'>(Tr.V8‚</span> 
     </span>
     <span class='ocr_line' id='line_1_14' title="bbox 166 2866 1119 2952; baseline -0.003 -19"><span class='ocrx_word' id='word_1_104' title='bbox 166 2868 205 2933; x_wconf 94' lang='grc'>14</span> <span class='ocrx_word' id='word_1_105' title='bbox 230 2868 296 2933; x_wconf 74' lang='lat' dir='ltr'>cibo</span> <span class='ocrx_word' id='word_1_106' title='bbox 319 2866 515 2949; x_wconf 69' lang='lat' dir='ltr'>melodicum)</span> <span class='ocrx_word' id='word_1_107' title='bbox 539 2873 570 2934; x_wconf 88' lang='lat' dir='ltr'>et</span> <span class='ocrx_word' id='word_1_108' title='bbox 593 2868 782 2934; x_wconf 88' lang='lat' dir='ltr'>Iuvenalem</span> <span class='ocrx_word' id='word_1_109' title='bbox 807 2866 849 2952; x_wconf 84' lang='lat' dir='ltr'>(X</span> <span class='ocrx_word' id='word_1_110' title='bbox 859 2868 923 2934; x_wconf 81' lang='lat'>277</span> <span class='ocrx_word' id='word_1_111' title='bbox 943 2866 1047 2949; x_wconf 79' lang='lat' dir='ltr'>punis</span> <span class='ocrx_word' id='word_1_112' title='bbox 1062 2872 1119 2952; x_wconf 83' lang='lat' dir='ltr'>m.)</span> 
     </span>
    </p>

    <p class='ocr_par' dir='ltr' id='par_1_4' title="bbox 162 2972 1339 3701">
     <span class='ocr_line' id='line_1_15' title="bbox 268 2972 1337 3060; baseline -0.001 -20"><span class='ocrx_word' id='word_1_113' title='bbox 268 2974 479 3040; x_wconf 85' lang='lat' dir='ltr'>Vocabulum</span> <span class='ocrx_word' id='word_1_114' title='bbox 509 2972 654 3056; x_wconf 76' lang='lat' dir='ltr'>defeatur</span> <span class='ocrx_word' id='word_1_115' title='bbox 682 2973 725 3059; x_wconf 84' lang='lat' dir='ltr'>(v.</span> <span class='ocrx_word' id='word_1_116' title='bbox 743 2973 808 3040; x_wconf 88' lang='grc'>455</span> <span class='ocrx_word' id='word_1_117' title='bbox 837 2972 932 3038; x_wconf 78' lang='lat' dir='ltr'>anius</span> <span class='ocrx_word' id='word_1_118' title='bbox 961 2972 1016 3060; x_wconf 90' lang='lat' dir='ltr'>[sc.</span> <span class='ocrx_word' id='word_1_119' title='bbox 1046 2973 1168 3059; x_wconf 91' lang='lat' dir='ltr'>lapidis</span> <span class='ocrx_word' id='word_1_120' title='bbox 1192 2972 1337 3060; x_wconf 89' lang='lat' dir='ltr'>molaris]</span> 
     </span>
     <span class='ocr_line' id='line_1_16' title="bbox 162 3079 1338 3166; baseline 0.002 -20"><span class='ocrx_word' id='word_1_121' title='bbox 162 3080 308 3164; x_wconf 78' lang='lat' dir='ltr'>defectus</span> <span class='ocrx_word' id='word_1_122' title='bbox 324 3080 452 3145; x_wconf 78' lang='lat' dir='ltr'>ieiunos</span> <span class='ocrx_word' id='word_1_123' title='bbox 468 3080 591 3164; x_wconf 77' lang='lat' dir='ltr'>callipit</span> <span class='ocrx_word' id='word_1_124' title='bbox 605 3080 709 3164; x_wconf 73' lang='lat' dir='ltr'>ipnes)</span> <span class='ocrx_word' id='word_1_125' title='bbox 733 3079 900 3165; x_wconf 82' lang='lat' dir='ltr'>Vergilius</span> <span class='ocrx_word' id='word_1_126' title='bbox 922 3080 1087 3166; x_wconf 88' lang='lat' dir='ltr'>ceterique</span> <span class='ocrx_word' id='word_1_127' title='bbox 1104 3081 1204 3147; x_wconf 91' lang='lat' dir='ltr'>huius</span> <span class='ocrx_word' id='word_1_128' title='bbox 1221 3082 1338 3148; x_wconf 87' lang='lat' dir='ltr'>aetatis</span> 
     </span>
     <span class='ocr_line' id='line_1_17' title="bbox 162 3186 1337 3277; baseline -0.001 -22"><span class='ocrx_word' id='word_1_129' title='bbox 162 3190 339 3274; x_wconf 85' lang='lat' dir='ltr'>scriptores</span> <span class='ocrx_word' id='word_1_130' title='bbox 368 3187 411 3254; x_wconf 90' lang='lat' dir='ltr'>ad</span> <span class='ocrx_word' id='word_1_131' title='bbox 439 3195 524 3255; x_wconf 84' lang='lat' dir='ltr'>astra</span> <span class='ocrx_word' id='word_1_132' title='bbox 554 3187 779 3277; x_wconf 78' lang='lat' dir='ltr'>decrescentia</span> <span class='ocrx_word' id='word_1_133' title='bbox 810 3186 1033 3272; x_wconf 85' lang='lat' dir='ltr'>significanda</span> <span class='ocrx_word' id='word_1_134' title='bbox 1068 3187 1243 3266; x_wconf 86' lang='lat' dir='ltr'>adhibent;</span> <span class='ocrx_word' id='word_1_135' title='bbox 1280 3188 1337 3255; x_wconf 94' lang='lat' dir='ltr'>illo</span> 
     </span>
     <span class='ocr_line' id='line_1_18' title="bbox 162 3290 1339 3379; baseline -0.001 -17"><span class='ocrx_word' id='word_1_136' title='bbox 162 3304 274 3362; x_wconf 91' lang='lat' dir='ltr'>autem</span> <span class='ocrx_word' id='word_1_137' title='bbox 299 3295 375 3362; x_wconf 92' lang='lat' dir='ltr'>loco</span> <span class='ocrx_word' id='word_1_138' title='bbox 391 3293 519 3361; x_wconf 80' lang='lat' dir='ltr'>Aetnae</span> <span class='ocrx_word' id='word_1_139' title='bbox 540 3290 686 3379; x_wconf 82' lang='lat' dir='ltr'>lapidem</span> <span class='ocrx_word' id='word_1_140' title='bbox 712 3295 872 3361; x_wconf 92' lang='lat' dir='ltr'>molarem</span> <span class='ocrx_word' id='word_1_141' title='bbox 897 3293 1015 3360; x_wconf 89' lang='lat' dir='ltr'>deesse</span> <span class='ocrx_word' id='word_1_142' title='bbox 1040 3295 1211 3361; x_wconf 88' lang='lat' dir='ltr'>indicatur.</span> <span class='ocrx_word' id='word_1_143' title='bbox 1238 3295 1339 3362; x_wconf 90' lang='lat' dir='ltr'>Hunc</span> 
     </span>
     <span class='ocr_line' id='line_1_19' title="bbox 162 3400 1337 3487; baseline -0.001 -18"><span class='ocrx_word' id='word_1_144' title='bbox 162 3421 299 3469; x_wconf 88' lang='lat' dir='ltr'>sensum</span> <span class='ocrx_word' id='word_1_145' title='bbox 324 3402 462 3468; x_wconf 89' lang='lat' dir='ltr'>verbum</span> <span class='ocrx_word' id='word_1_146' title='bbox 488 3400 569 3467; x_wconf 92' lang='lat' dir='ltr'>illud</span> <span class='ocrx_word' id='word_1_147' title='bbox 598 3409 675 3468; x_wconf 88' lang='lat' dir='ltr'>ante</span> <span class='ocrx_word' id='word_1_148' title='bbox 704 3401 789 3467; x_wconf 88' lang='lat' dir='ltr'>Plini</span> <span class='ocrx_word' id='word_1_149' title='bbox 818 3409 969 3486; x_wconf 92' lang='lat' dir='ltr'>tempora</span> <span class='ocrx_word' id='word_1_150' title='bbox 999 3419 1165 3486; x_wconf 90' lang='lat' dir='ltr'>nusquam</span> <span class='ocrx_word' id='word_1_151' title='bbox 1190 3402 1337 3487; x_wconf 82' lang='lat' dir='ltr'>praebet,</span> 
     </span>
     <span class='ocr_line' id='line_1_20' title="bbox 162 3506 1337 3595; baseline -0.002 -19"><span class='ocrx_word' id='word_1_152' title='bbox 162 3509 222 3576; x_wconf 90' lang='lat' dir='ltr'>sed</span> <span class='ocrx_word' id='word_1_153' title='bbox 247 3510 347 3575; x_wconf 91' lang='lat' dir='ltr'>huius</span> <span class='ocrx_word' id='word_1_154' title='bbox 371 3509 404 3573; x_wconf 91' lang='lat' dir='ltr'>in</span> <span class='ocrx_word' id='word_1_155' title='bbox 430 3507 576 3574; x_wconf 87' lang='lat' dir='ltr'>Historia</span> <span class='ocrx_word' id='word_1_156' title='bbox 600 3506 737 3574; x_wconf 93' lang='lat' dir='ltr'>demum</span> <span class='ocrx_word' id='word_1_157' title='bbox 761 3507 910 3575; x_wconf 86' lang='lat' dir='ltr'>Naturali</span> <span class='ocrx_word' id='word_1_158' title='bbox 920 3508 944 3595; x_wconf 84' lang='lat' dir='ltr'>l)</span> <span class='ocrx_word' id='word_1_159' title='bbox 969 3515 1001 3574; x_wconf 89' lang='lat' dir='ltr'>et</span> <span class='ocrx_word' id='word_1_160' title='bbox 1024 3515 1143 3594; x_wconf 86' lang='lat' dir='ltr'>postea</span> <span class='ocrx_word' id='word_1_161' title='bbox 1168 3527 1337 3575; x_wconf 89' lang='lat' dir='ltr'>nonnum-</span> 
     </span>
     <span class='ocr_line' id='line_1_21' title="bbox 163 3616 543 3701; baseline -0.008 -18"><span class='ocrx_word' id='word_1_162' title='bbox 163 3635 263 3701; x_wconf 85' lang='lat' dir='ltr'>quam</span> <span class='ocrx_word' id='word_1_163' title='bbox 290 3616 333 3682; x_wconf 86' lang='lat' dir='ltr'>ita</span> <span class='ocrx_word' id='word_1_164' title='bbox 358 3622 543 3699; x_wconf 89' lang='lat' dir='ltr'>usurpatur.</span> 
     </span>
    </p>

    <p class='ocr_par' dir='ltr' id='par_1_5' title="bbox 269 3721 1336 3807">
     <span class='ocr_line' id='line_1_22' title="bbox 269 3721 1336 3807; baseline 0.002 -20"><span class='ocrx_word' id='word_1_165' title='bbox 269 3723 304 3788; x_wconf 90' lang='lat' dir='ltr'>ln</span> <span class='ocrx_word' id='word_1_166' title='bbox 321 3743 351 3789; x_wconf 92' lang='lat' dir='ltr'>v.</span> <span class='ocrx_word' id='word_1_167' title='bbox 365 3722 430 3788; x_wconf 83' lang='lat'>523</span> <span class='ocrx_word' id='word_1_168' title='bbox 448 3722 606 3807; x_wconf 89' lang='lat' dir='ltr'>scriptum</span> <span class='ocrx_word' id='word_1_169' title='bbox 630 3721 800 3789; x_wconf 89' lang='lat' dir='ltr'>videmus:</span> <span class='ocrx_word' id='word_1_170' title='bbox 825 3743 961 3787; x_wconf 78' lang='lat' dir='ltr'>secur-ua</span> <span class='ocrx_word' id='word_1_171' title='bbox 977 3721 1016 3788; x_wconf 87' lang='lat' dir='ltr'>nb</span> <span class='ocrx_word' id='word_1_172' title='bbox 1029 3721 1114 3802; x_wconf 55' lang='lat' dir='ltr'>tute</span> <span class='ocrx_word' id='word_1_173' title='bbox 1137 3723 1336 3789; x_wconf 81' lang='lat' dir='ltr'>adiectivum</span> 
     </span>
    </p>
   </div>
   <div class='ocr_carea' id='block_1_3' title="bbox 162 3828 1338 4345">
    <p class='ocr_par' dir='ltr' id='par_1_6' title="bbox 162 3828 1338 4021">
     <span class='ocr_line' id='line_1_23' title="bbox 162 3828 1338 3916; baseline -0.002 -20"><span class='ocrx_word' id='word_1_174' title='bbox 162 3837 273 3896; x_wconf 91' lang='lat' dir='ltr'>autem</span> <span class='ocrx_word' id='word_1_175' title='bbox 298 3828 380 3895; x_wconf 91' lang='lat' dir='ltr'>illud</span> <span class='ocrx_word' id='word_1_176' title='bbox 403 3829 574 3895; x_wconf 90' lang='lat' dir='ltr'>aLucano</span> <span class='ocrx_word' id='word_1_177' title='bbox 591 3829 768 3914; x_wconf 87' lang='lat' dir='ltr'>Plinioque</span> <span class='ocrx_word' id='word_1_178' title='bbox 792 3830 907 3915; x_wconf 90' lang='lat' dir='ltr'>primis</span> <span class='ocrx_word' id='word_1_179' title='bbox 924 3848 999 3896; x_wconf 94' lang='lat' dir='ltr'>cum</span> <span class='ocrx_word' id='word_1_180' title='bbox 1024 3830 1274 3916; x_wconf 87' lang='lat' dir='ltr'>praepositione</span> <span class='ocrx_word' id='word_1_181' title='bbox 1298 3828 1338 3894; x_wconf 85' lang='lat' dir='ltr'>ab</span> 
     </span>
     <span class='ocr_line' id='line_1_24' title="bbox 163 3934 1236 4021; baseline -0.009 -18"><span class='ocrx_word' id='word_1_182' title='bbox 163 3934 422 4021; x_wconf 76' lang='lat' dir='ltr'>coniungitur2).</span> <span class='ocrx_word' id='word_1_183' title='bbox 1232 3986 1236 3993; x_wconf 87' lang='lat'><em>.</em></span> 
     </span>
    </p>

    <p class='ocr_par' dir='ltr' id='par_1_7' title="bbox 162 4041 1338 4345">
     <span class='ocr_line' id='line_1_25' title="bbox 268 4041 1337 4126; baseline 0 -18"><span class='ocrx_word' id='word_1_184' title='bbox 268 4041 344 4108; x_wconf 83' lang='lat' dir='ltr'>Jam</span> <span class='ocrx_word' id='word_1_185' title='bbox 361 4043 395 4108; x_wconf 93' lang='lat' dir='ltr'>in</span> <span class='ocrx_word' id='word_1_186' title='bbox 408 4062 438 4108; x_wconf 80' lang='lat' dir='ltr'>v,</span> <span class='ocrx_word' id='word_1_187' title='bbox 453 4041 517 4108; x_wconf 82' lang='grc'>542</span> <span class='ocrx_word' id='word_1_188' title='bbox 535 4060 675 4126; x_wconf 88' lang='lat' dir='ltr'>corpora</span> <span class='ocrx_word' id='word_1_189' title='bbox 692 4042 893 4110; x_wconf 88' lang='lat' dir='ltr'>densissima</span> <span class='ocrx_word' id='word_1_190' title='bbox 909 4050 1081 4124; x_wconf 89' lang='lat' dir='ltr'>vocantur,</span> <span class='ocrx_word' id='word_1_191' title='bbox 1098 4042 1201 4109; x_wconf 79' lang='lat' dir='ltr'>solido</span> <span class='ocrx_word' id='word_1_192' title='bbox 1216 4041 1337 4126; x_wconf 76' lang='lat' dir='ltr'>vicina,</span> 
     </span>
     <span class='ocr_line' id='line_1_26' title="bbox 163 4149 1337 4235; baseline 0.002 -18"><span class='ocrx_word' id='word_1_193' title='bbox 163 4151 182 4217; x_wconf 92' lang='lat' dir='ltr'>i.</span> <span class='ocrx_word' id='word_1_194' title='bbox 208 4169 237 4217; x_wconf 92' lang='lat' dir='ltr'>e.</span> <span class='ocrx_word' id='word_1_195' title='bbox 263 4167 371 4235; x_wconf 89' lang='lat' dir='ltr'>paene</span> <span class='ocrx_word' id='word_1_196' title='bbox 395 4149 518 4228; x_wconf 90' lang='lat' dir='ltr'>solida;</span> <span class='ocrx_word' id='word_1_197' title='bbox 544 4150 627 4216; x_wconf 88' lang='lat' dir='ltr'>haec</span> <span class='ocrx_word' id='word_1_198' title='bbox 651 4168 787 4234; x_wconf 90' lang='lat' dir='ltr'>quoque</span> <span class='ocrx_word' id='word_1_199' title='bbox 805 4151 906 4218; x_wconf 86' lang='lat' dir='ltr'>dictio</span> <span class='ocrx_word' id='word_1_200' title='bbox 929 4152 1026 4218; x_wconf 86' lang='lat' dir='ltr'>aetati</span> <span class='ocrx_word' id='word_1_201' title='bbox 1048 4159 1226 4235; x_wconf 87' lang='lat' dir='ltr'>argenteae</span> <span class='ocrx_word' id='word_1_202' title='bbox 1251 4153 1337 4219; x_wconf 86' lang='lat' dir='ltr'>attri-</span> 
     </span>
     <span class='ocr_line' id='line_1_27' title="bbox 162 4254 1338 4345; baseline 0.003 -21"><span class='ocrx_word' id='word_1_203' title='bbox 162 4256 298 4324; x_wconf 89' lang='lat' dir='ltr'>buenda</span> <span class='ocrx_word' id='word_1_204' title='bbox 330 4254 460 4322; x_wconf 85' lang='lat' dir='ltr'>videtur</span> <span class='ocrx_word' id='word_1_205' title='bbox 492 4274 576 4322; x_wconf 89' lang='lat' dir='ltr'>esse.</span> <span class='ocrx_word' id='word_1_206' title='bbox 623 4255 709 4322; x_wconf 93' lang='lat' dir='ltr'>Nam</span> <span class='ocrx_word' id='word_1_207' title='bbox 743 4258 873 4325; x_wconf 87' lang='lat' dir='ltr'>vicinus</span> <span class='ocrx_word' id='word_1_208' title='bbox 905 4259 957 4326; x_wconf 86' lang='lat' dir='ltr'>vel</span> <span class='ocrx_word' id='word_1_209' title='bbox 991 4260 1068 4326; x_wconf 91' lang='lat' dir='ltr'>loco</span> <span class='ocrx_word' id='word_1_210' title='bbox 1101 4260 1153 4326; x_wconf 91' lang='lat' dir='ltr'>vel</span> <span class='ocrx_word' id='word_1_211' title='bbox 1186 4266 1338 4345; x_wconf 82' lang='lat' dir='ltr'>tempore</span> 
     </span>
    </p>
   </div>
   <div class='ocr_carea' id='block_1_4' title="bbox 268 4431 821 4602">
    <p class='ocr_par' dir='ltr' id='par_1_8' title="bbox 268 4431 821 4602">
     <span class='ocr_line' id='line_1_28' title="bbox 268 4431 821 4505; baseline -0.002 -15"><span class='ocrx_word' id='word_1_212' title='bbox 268 4434 291 4505; x_wconf 89' lang='grc'>1)</span> <span class='ocrx_word' id='word_1_213' title='bbox 311 4432 400 4490; x_wconf 87' lang='lat' dir='ltr'>Velut</span> <span class='ocrx_word' id='word_1_214' title='bbox 419 4431 484 4502; x_wconf 92' lang='lat' dir='ltr'>XX,</span> <span class='ocrx_word' id='word_1_215' title='bbox 504 4432 547 4500; x_wconf 86' lang='grc'>96,</span> <span class='ocrx_word' id='word_1_216' title='bbox 557 4433 582 4499; x_wconf 85' lang='grc'>2,</span> <span class='ocrx_word' id='word_1_217' title='bbox 601 4431 626 4487; x_wconf 84' lang='grc' dir='ltr'>Χ</span> <span class='ocrx_word' id='word_1_218' title='bbox 631 4432 724 4500; x_wconf 84' lang='lat' dir='ltr'>XVII,</span> <span class='ocrx_word' id='word_1_219' title='bbox 742 4433 786 4501; x_wconf 83' lang='lat'>40,</span> <span class='ocrx_word' id='word_1_220' title='bbox 796 4434 821 4489; x_wconf 84' lang='lat'>3.</span> 
     </span>
     <span class='ocr_line' id='line_1_29' title="bbox 268 4521 798 4602; baseline 0 -23"><span class='ocrx_word' id='word_1_221' title='bbox 268 4524 291 4602; x_wconf 77' lang='lat'>²)</span> <span class='ocrx_word' id='word_1_222' title='bbox 311 4522 353 4580; x_wconf 82' lang='lat' dir='ltr'>cl.</span> <span class='ocrx_word' id='word_1_223' title='bbox 374 4522 459 4579; x_wconf 82' lang='lat' dir='ltr'>Thes.</span> <span class='ocrx_word' id='word_1_224' title='bbox 478 4521 564 4597; x_wconf 83' lang='lat' dir='ltr'>Ling.</span> <span class='ocrx_word' id='word_1_225' title='bbox 582 4521 647 4578; x_wconf 84' lang='lat' dir='ltr'>Lat.</span> <span class='ocrx_word' id='word_1_226' title='bbox 667 4538 690 4578; x_wconf 87' lang='lat' dir='ltr'>s.</span> <span class='ocrx_word' id='word_1_227' title='bbox 708 4540 737 4578; x_wconf 89' lang='lat' dir='ltr'>v.</span> <span class='ocrx_word' id='word_1_228' title='bbox 756 4526 798 4584; x_wconf 81' lang='lat' dir='ltr'>ab.</span> 
     </span>
    </p>
   </div>
   <div class='ocr_carea' id='block_1_5' title="bbox 0 0 1519 5024">
    <p class='ocr_par' dir='ltr' id='par_1_9' title="bbox 0 0 1519 5024">
     <span class='ocr_line' id='line_1_30' title="bbox 0 0 1519 5024; baseline 0 0"><span class='ocrx_word' id='word_1_229' title='bbox 0 0 1519 5024; x_wconf 95' lang='lat' dir='ltr'> </span> 
     </span>
    </p>
   </div>
  </div>
 </body>
</html>
