3022 5024
641 433 685 447 ..
734 391 863 490 13*-

165 608 281 681 cimus.
318 609 429 680 Primo
443 608 580 698 quidem
593 610 670 681 loco
680 611 844 680 Venerem
855 609 1052 700 hppelleanr
1066 610 1128 683 Coi
1141 613 1338 685 collocatam

163 718 340 806 significat,
370 719 493 787 deinde
521 719 730 787 Timomachi
758 720 914 788 Medeam
946 719 1056 807 Cyzici
1081 722 1236 807 positam,
1268 729 1338 790 tum

164 826 322 895 Medeam
362 847 381 894 a
419 826 595 894 Timanthe
634 828 767 913 pictam,
807 827 953 914 denique
991 828 1144 917 Myronis
1182 830 1338 900 buculam

165 934 422 1002 celeberrimam.
469 934 536 1001 lam
561 935 722 1020 sequitur:

281 1059 348 1126 600
369 1059 447 1126 haec
469 1059 606 1126 theuda
623 1064 727 1142 putus
752 1064 839 1126 terra
863 1058 1047 1144 dubiusque
1068 1061 1225 1146 marique.

270 1166 408 1235 Poetam
443 1167 477 1234 in
513 1167 567 1234 illa
603 1167 758 1234 carminis
793 1175 884 1253 parte
908 1167 1082 1236 Romanos
1110 1170 1235 1255 alloqui
1259 1189 1339 1238 con·

164 1279 363 1342 sentaneum
387 1281 447 1355 est,
479 1292 684 1359 quamquam
708 1273 841 1360 Wagler
864 1274 929 1368 (De
952 1274 1048 1343 hetn.
1074 1294 1187 1361 poem.
1211 1285 1338 1363 quaest.

165 1383 231 1451 crit.
257 1400 289 1466 p.
314 1381 371 1468 63)
407 1400 527 1449 omnes
562 1383 719 1449 homines
749 1382 996 1467 intellegendos
1032 1399 1105 1450 esse
1130 1383 1337 1470 expediebat,

164 1488 221 1572 qni
249 1489 386 1553 mallant
416 1489 512 1571 longa
530 1510 594 1572 per
616 1488 723 1555 maria
745 1488 871 1555 itinera
889 1488 997 1573 facere
1020 1511 1118 1572 qnam
1141 1489 1267 1556 Aetnae
1290 1491 1340 1557 in-

164 1596 251 1663 tneri
282 1618 445 1662 summum
472 1599 701 1680 spectaculum
749 1596 785 1664 Si
815 1600 897 1666 haec
920 1605 1006 1666 recte
1031 1606 1142 1666 essent
1166 1599 1338 1684 explicata,

164 1704 246 1789 quin
271 1712 385 1772 auctor
401 1703 542 1773 Romam
568 1705 731 1784 nominat,
756 1723 842 1790 quae
867 1705 1028 1772 aedificiis
1052 1706 1122 1771 suis
1146 1712 1178 1772 et
1198 1705 1286 1773 ludis
1308 1714 1340 1774 et

165 1810 277 1878 multis
324 1812 396 1878 aliis
443 1814 542 1879 rebus
586 1829 728 1896 magnas
768 1813 1018 1897 peregrinorum
1058 1813 1171 1878 turbas
1209 1812 1338 1880 allexit?

164 1915 299 1999 Omnia,
335 1936 422 2002 quae
458 1924 772 1998 commemorantur,
808 1926 865 1986 aut
900 1919 935 1985 in
960 1917 1098 1986 Graecia
1122 1926 1179 1986 aut
1202 1920 1236 1984 in
1259 1918 1339 1986 Asia

165 2026 348 2092 exstabant.
388 2023 499 2106 Quare
512 2023 686 2092 Romanos
701 2025 866 2092 adhortari
878 2024 1008 2092 videtur
1025 2033 1135 2111 poeta,
1153 2044 1195 2092 ne
1212 2024 1339 2093 hetnae

166 2135 294 2196 tautum
322 2152 404 2213 opus
435 2134 630 2214 antepedes
653 2139 821 2199 transeant
843 2150 928 2198 neve
953 2133 987 2198 in
1011 2139 1111 2199 terras
1134 2132 1339 2217 longinquas

165 2238 427 2324 proficiscantur,
441 2239 559 2305 utvisu
570 2239 683 2305 minus
699 2238 802 2323 digna
815 2245 975 2324 spectent.
993 2238 1105 2323 ltaque
1115 2239 1338 2306 liruckiewicz

165 2345 364 2412 sententiam
390 2345 535 2429 protulit,
558 2344 716 2430 hlzinger
739 2352 771 2412 et
793 2344 978 2411 Vessereau
1003 2346 1131 2411 assensi
1155 2352 1233 2412 sunt
1256 2352 1337 2426 tum,

165 2470 241 2518 cum
257 2467 373 2518 versus
390 2452 465 2519 illos
481 2459 596 2520 auctor
612 2451 775 2533 funderet,
792 2452 934 2532 tabulas,
951 2470 1090 2537 quarum
1109 2453 1235 2519 mentio
1250 2452 1337 2532 facit,

165 2558 281 2643 procul
297 2557 404 2625 Roma
420 2559 534 2625 fuisse.
567 2558 776 2627 Timomachi
793 2566 904 2626 autem
921 2558 1094 2626 artificium
1112 2558 1194 2625 illud
1217 2559 1337 2626 alulio

166 2664 307 2732 Caesare
331 2664 472 2732 Romam
502 2666 697 2733 translatum
727 2672 759 2732 et
783 2667 817 2733 in
841 2667 968 2751 templo
991 2666 1130 2733 Veneris
1154 2664 1339 2733 Genetricis

166 2772 365 2840 collocatum
401 2791 475 2840 esse
511 2791 530 2840 e
564 2773 672 2840 Plinio
711 2775 937 2859 comperimus
960 2773 1021 2860 (Ν.
1054 2774 1095 2840 H.
1125 2773 1337 2860 XXXV186);

166 2898 241 2947 cum
267 2881 350 2947 haec
373 2879 475 2946 aedes
498 2899 527 2948 a.
541 2881 594 2947 46.
620 2879 727 2948 dicata
751 2881 803 2961 sit,
827 2882 940 2948 tabula
957 2881 1039 2948 intra
1056 2882 1146 2948 hunc
1163 2899 1289 2947 annum
1307 2887 1339 2947 et

166 2986 317 3054 Caesaris
350 2995 491 3055 mortem
516 2986 658 3055 Romam
693 2989 826 3056 venisse
862 2996 1008 3074 apparet.
1055 2988 1135 3056 Post
1165 2990 1254 3054 hunc
1277 2995 1337 3055 ter-

166 3093 294 3161 minum
328 3111 460 3160 carmen
496 3094 686 3161 confectum
721 3113 796 3162 esse
832 3114 901 3162 non
931 3113 1032 3181 posse
1060 3094 1180 3162 doctus
1209 3095 1262 3161 ille
1291 3097 1340 3162 vir

165 3206 261 3267 acute
278 3200 451 3281 conclusit,
469 3207 582 3268 tamen
601 3219 679 3268 eum
696 3203 854 3270 erravisse
871 3207 1044 3287 propterea
1061 3220 1121 3286 pro
1139 3209 1227 3268 certo
1244 3208 1337 3287 puto,

166 3291 269 3391 quod,
294 3315 330 3375 ut
346 3307 429 3374 infra
445 3308 713 3394 explanabimus,
738 3307 904 3393 Georgica
928 3310 970 3375 ab
986 3307 1113 3374 hetnae
1130 3315 1263 3374 auctore
1281 3308 1338 3375 ad-

165 3413 269 3482 hibita
293 3421 372 3481 sunt
401 3414 515 3502 (etiam
551 3415 637 3483 alios
671 3415 752 3482 adiit
775 3416 887 3495 libros,
923 3416 1006 3481 haec
1037 3421 1147 3481 autem
1184 3416 1337 3495 hominu,

165 3521 244 3605 quia
268 3520 311 3588 de
335 3522 397 3588 hac
421 3540 454 3588 re
479 3540 521 3588 ne
536 3520 703 3589 'Sudhaus
727 3521 864 3607 quidem
889 3522 1026 3602 dubitat,
1052 3539 1152 3606 quem
1177 3539 1279 3589 nemo
1304 3522 1337 3588 in

166 3627 409 3695 imitationibus
444 3629 630 3697 statuendis
665 3630 835 3696 incautum
872 3647 945 3696 esse
981 3627 1163 3714 iudicabit).
1216 3628 1267 3696 Ne
1297 3629 1338 3696 de

165 3733 305 3803 Veneris
345 3735 482 3820 quidem
522 3732 692 3823 historia¹)
736 3738 778 3805 ab
813 3734 929 3822 Apelle
969 3737 1076 3820 pictae
1115 3736 1142 3801 si
1181 3736 1257 3820 quis
1296 3735 1339 3802 ad

165 3847 299 3926 tempus
321 3840 449 3909 hetnae
473 3843 681 3910 coniecturas
705 3842 903 3923 adhibuerit,
927 3861 1003 3909 cum
1029 3860 1071 3910 eo
1094 3842 1223 3910 faciam.
1270 3842 1338 3911 Sed

166 3965 216 4040 res
252 3948 344 4015 aliter
378 3949 533 4035 explicari
569 3948 669 4017 debet
704 3956 736 4016 et
768 3957 888 4034 potest,
925 3956 961 4016 ut
994 3957 1087 4035 puto.
1144 3948 1179 4016 Si
1211 3949 1338 4017 hetnae

165 4060 335 4122 auctorem
374 4057 487 4143 sagaci
526 4062 638 4123 mente
677 4057 867 4142 aequalium
903 4075 1040 4124 suorum
1077 4057 1339 4125 consuetudines

166 4163 363 4230 observasse
387 4170 420 4230 et
436 4163 578 4249 propriis
595 4163 766 4231 incitatum
780 4164 1041 4249 cogitationibus
1054 4165 1088 4231 in
1101 4183 1158 4231 eas
1172 4164 1337 4231 invectum

271 4382 295 4463 i)
313 4392 397 4448 Haec
415 4393 515 4449 tabula
528 4393 589 4449 Ooo
603 4394 638 4448 ab
651 4393 790 4466 Augusto
803 4395 926 4450 Romam
938 4395 1079 4449 translata
1092 4394 1186 4465 (Sues.
1195 4392 1279 4463 Vesp.
1293 4391 1339 4463 18)

165 4481 241 4536 carie
259 4483 415 4538 consenuit
432 4482 557 4539 Neronis
575 4489 681 4551 aetate,
699 4486 741 4539 ita
758 4490 793 4539 ut
810 4486 923 4556 pictura
941 4502 959 4539 a
977 4484 1125 4539 Dorotheo
1143 4481 1221 4536 facta
1239 4498 1339 4573 proca

165 4570 399 4628 substitueretur.
437 4571 521 4643 (Ptin.
535 4570 570 4628 N.
584 4573 621 4627 H.
634 4573 812 4640 XXXV91.)
