3022 5024
644 370 865 444 ..16-

273 587 404 660 Deinde
432 590 576 659 Tritonis
605 590 732 659 mentio
763 588 811 671 fit,
847 589 890 657 ita
920 594 955 658 ut
989 589 1144 657 machina
1173 550 1339 675 quaedam

164 698 315 767 videatur
344 700 534 785 significari,
569 700 603 765 in
633 698 781 784 Properti
811 698 992 783 elegiarum
1023 697 1204 777 1.11e.32;
1241 704 1340 782 poeta

60 801 62 804 ’
166 807 211 873 ibi
236 806 517 892 pulchritudinem
535 796 683 891 porticus
698 805 880 891 Pompeiae
898 811 930 873 et
946 823 1053 891 aquae
1070 805 1235 885 salientis,
1254 823 1340 890 quae

166 932 272 1002 prope
295 921 373 995 erat,
399 913 564 981 describit.

330 1020 369 1089 15
394 1025 425 1087 ct
447 1019 559 1085 leuiter
580 1018 734 1104 nymphis
758 1023 823 1084 toto
847 1018 1082 1102 crepitantibus
1105 1018 1184 1086 urbe

444 1148 516 1194 curu
539 1127 644 1194 subito
667 1125 783 1206 Triton
807 1147 860 1192 ore
883 1126 1030 1193 recondit
1051 1146 1179 1209 apuam.

272 1233 363 1316 Quid
387 1234 555 1321 scriptoris
578 1235 677 1302 verba
701 1234 765 1301 sibi
789 1233 901 1314 velint,
926 1234 1005 1301 satis
1029 1233 1241 1302 enucleatum
1267 1252 1338 1301 non

166 1349 225 1409 est.
272 1341 478 1426 Propertium
504 1341 605 1422 enim,
635 1347 670 1407 ut
694 1341 849 1424 exposuit
874 1339 1082 1407 Hildebrand
1105 1333 1202 1426 (1.1.),4
1231 1340 1340 1407 dicere

165 1449 313 1516 voluisse
337 1448 505 1515 Tritonem
535 1448 649 1515 buccis
678 1447 801 1513 inflatis
829 1447 951 1532 longas
982 1466 1084 1514 voces
1119 1448 1153 1512 in
1181 1448 1339 1514 bucinam

166 1556 263 1624 edere
281 1555 484 1622 credendum
502 1573 572 1622 non
590 1561 648 1634 est,
674 1573 749 1621 cum
768 1561 853 1620 certe
869 1553 954 1620 deus
975 1561 1010 1620 ut
1026 1555 1184 1620 bucinam
1202 1553 1339 1634 inflaret,

167 1682 237 1730 non
261 1681 348 1747 aqua
373 1677 413 1730 os
437 1662 651 1746 implevisset.
700 1661 793 1727 Duas
817 1668 928 1727 autem
958 1661 1141 1727 sententias
1165 1658 1340 1726 Rothstein

166 1769 352 1850 confundit,
388 1769 445 1854 qui
470 1769 578 1853 primo
602 1767 771 1834 Tritonem
807 1768 920 1833 subito
949 1785 1071 1852 aquam
1101 1785 1158 1834 ore
1193 1765 1340 1833 detinere

165 1870 276 1962 neque'
301 1877 366 1943 iam
391 1873 563 1941 effundere
587 1873 738 1952 affirmat,
770 1891 845 1939 cum
871 1880 988 1958 postea
1013 1872 1054 1939 de
1079 1891 1166 1940 sono
1191 1872 1339 1957 quodam

165 1985 330 2068 loquatur,
360 1982 417 2067 qui
447 1999 465 2047 e
494 1979 548 2046 dei
581 1980 709 2046 concha
739 1979 831 2046 reddi
859 1980 950 2044 visus
979 1980 1030 2058 sit,
1060 1980 1155 2046 cuius
1180 1980 1224 2045 rei
1249 1977 1340 2063 apud

165 2089 371 2174 Propertium
396 2106 439 2154 ne
463 2087 640 2152 minimum
665 2085 801 2171 quidem
818 2086 996 2170 vestigium
1022 2092 1080 2153 est.
1116 2084 1221 2166 Quod
1245 2086 1340 2152 initio

165 2217 195 2263 v.
222 2195 253 2262 d.
285 2194 444 2274 exhibuit,
479 2194 546 2260 fere
583 2198 707 2259 rectum
744 2193 942 2278 putaverim:
979 2192 1078 2272 Trito,
1113 2211 1131 2258 e
1160 2193 1255 2259 cuius
1283 2210 1340 2259 ore

166 2320 252 2387 aqua
278 2301 406 2368 exsilire
430 2300 524 2380 solet,
550 2300 663 2365 subito
687 2318 758 2366 non
780 2300 845 2365 iam
871 2298 1021 2380 effundit,
1047 2307 1083 2366 ut
1098 2299 1180 2366 levis
1197 2300 1341 2384 crepitus

166 2427 326 2494 aquarum
352 2407 619 2474 concurrentium
645 2407 855 2473 conticescat.
895 2405 992 2487 Quae
1017 2406 1044 2471 si
1069 2413 1154 2472 recte
1179 2406 1340 2490 explicata

166 2522 253 2594 sunt,
278 2515 356 2580 huic
383 2514 511 2598 figurae
536 2532 657 2599 aquam
688 2513 819 2581 eicienti
844 2513 926 2579 nihil
956 2531 1030 2579 cum
1055 2512 1182 2579 Aetnae
1206 2512 1340 2580 Tritone

167 2638 347 2688 commune
372 2627 430 2695 est.
1191 2698 1194 2706 .

274 2726 523 2813 cognoscimus
537 2727 636 2810 igitur
647 2726 791 2793 Tritonis
805 2727 1003 2808 machinam,
1022 2746 1108 2811 quae
1125 2742 1200 2794 cum
1213 2726 1340 2794 Aetnae

167 2834 349 2918 comparari
367 2834 483 2918 possit,
502 2851 572 2899 non
586 2850 754 2899 occurrere
772 2839 1000 2917 praeteream,
1019 2833 1060 2900 de
1078 2852 1143 2919 qua
1157 2832 1341 2901 Suetonius

167 2940 373 3006 mentionem
397 2939 484 3005 facit.
521 2938 632 3020 Quam
658 2956 699 3004 eo
715 2944 877 3024 tempore,
902 2958 970 3025 quo
995 2939 1172 3008 aClaudio
1190 2941 1224 3006 in
1242 2958 1339 3006 usum

165 3052 283 3114 vocata
307 3052 366 3126 est,
399 3064 522 3113 novam
548 3063 615 3111 rem
640 3044 744 3111 fuisse
773 3052 805 3112 et
829 3064 887 3130 per
914 3064 951 3112 se
973 3047 1150 3113 verisimile
1175 3054 1234 3128 est,
1264 3065 1339 3113 cum

168 3153 230 3218 hac
254 3151 295 3219 de
321 3170 421 3218 causa
438 3153 578 3237 scriptor
593 3170 666 3218 eam
686 3153 847 3231 nominet,
873 3171 983 3237 neque
1000 3171 1041 3220 eo
1060 3153 1223 3234 refellitur,
1249 3154 1341 3238 quod

168 3257 334 3324 Ciceronis
357 3263 462 3324 actutc
484 3258 657 3329 Romanos
678 3258 917 3343 hydruntoruru
944 3259 1056 3324 souitu
1079 3261 1250 3325 delectatos
1275 3281 1342 3326 csse

167 3386 207 3430 eu
229 3363 326 3431 Tusa.
343 3363 413 3430 ΠΙ
424 3366 469 3430 18
490 3365 663 3449 (hydrauli
679 3365 797 3431 audiat
815 3386 905 3430 uoces
923 3365 1038 3447 potius
1061 3388 1158 3448 quocu
1174 3365 1342 3451 Plutonis)

166 3473 291 3539 scimus
319 3472 489 3559 (Aizinger
511 3473 530 3538 l.
549 3474 568 3539 l.
587 3492 618 3558 p.
636 3471 703 3558 48).
750 3472 837 3539 Nam
867 3474 1021 3539 machina
1053 3473 1106 3540 illa
1139 3473 1268 3541 diversa
1297 3475 1340 3540 ab

167 3580 218 3646 his
247 3579 416 3666 hydraulis
447 3587 479 3646 et
506 3586 666 3647 structura
695 3578 889 3646 difficillima
918 3579 989 3660 fuit,
1024 3598 1098 3647 cum
1130 3599 1199 3647 non
1229 3580 1340 3647 solum

166 3705 273 3771 aquae
298 3704 409 3770 opera,
435 3685 495 3751 sed
513 3687 611 3752 etiam
635 3685 673 3749 iu
696 3704 783 3770 aqua
799 3704 902 3753 voces
926 3685 1046 3753 ederet.
1087 3686 1198 3768 Quare
1223 3706 1340 3772 quam-

167 3812 267 3878 quam
292 3798 460 3859 auctorem
489 3792 710 3873 spectaculum
738 3791 820 3857 illud
849 3794 1010 3877 respicere
1040 3812 1109 3859 non
1135 3792 1340 3873 crediderim,

166 3906 278 3966 tamen
303 3898 390 3966 adeo
416 3917 485 3965 non
510 3898 646 3965 infracta
670 3916 744 3964 esse
760 3897 964 3965 Wernsdorii
989 3901 1070 3966 ratio
1096 3900 1177 3965 mihi
1201 3900 1341 3980 videtur,

167 4011 202 4071 ut
214 4004 392 4072 terminum
417 4024 507 4072 anno
525 4004 567 4072 53
592 4006 807 4076 recentiorem
833 4025 851 4070 a
872 4006 943 4073 viro
961 4005 1157 4074 doctissimo
1175 4013 1339 4092 repertum

167 4130 241 4179 esse
266 4117 380 4196 putem
389 4111 424 4197 1).

273 4287 296 4358 1)
315 4285 495 4342 Hildebrand
520 4288 550 4341 in
575 4286 795 4359 disceptatione,
822 4306 909 4358 quam
936 4288 1095 4360 inscripsit:
1123 4253 1260 4362 Beitrttgo
1290 4308 1342 4344 zur

167 4376 331 4448 Erklbrung
350 4376 401 4431 des
414 4375 571 4432 Gedichtes
585 4377 682 4431 Aetna
695 4383 734 4448 (p.
746 4376 792 4447 16)
812 4375 992 4432 Wernsdorfi
1005 4379 1205 4449 comprobavit
1223 4374 1342 4434 senten-

166 4466 245 4534 tiam,
265 4484 332 4521 cum
350 4472 452 4539 postea
471 4466 507 4522 de
527 4484 562 4522 ea
581 4466 748 4521 coniectura
766 4466 816 4520 iila
834 4465 980 4522 Sudhausi
999 4473 1118 4539 accepta
1137 4467 1300 4524 decederet.
