3022 5024
629 342 851 415 *38*

256 559 298 632 lis
327 559 423 642 locis„
450 575 537 647 quos
573 565 649 630 ante
678 559 742 629 hos
766 557 1031 647 quattuordecim
1061 578 1170 649 annos
1199 559 1326 631 Hosius

151 670 330 756 collegerat
364 671 521 762 (quorum
558 676 683 755 partem
720 676 756 735 ut
783 669 1010 736 similitudinis
1034 669 1173 737 minoris
1202 671 1324 757 omisi),

150 778 364 846 doctissimus
404 778 458 844 ille
493 777 541 842 vir
576 777 794 844 imitationem
835 795 904 843 non
941 777 1072 861 probari
1108 778 1324 859 iudicaverat;

150 886 379 972 compluribus
402 885 486 950 locis
510 903 527 949 a
553 902 606 949 me
624 883 761 950 adiectis
785 884 895 950 adhuc
912 883 1035 952 dubius
1059 885 1190 965 haereo,
1216 892 1324 951 utrum

150 994 179 1061 ei
204 993 366 1059 assentiar
389 1011 432 1059 an
457 1009 539 1058 non.
585 990 807 1057 verisimilius
831 998 941 1058 autem
972 992 1167 1076 putaverim,
1192 991 1326 1060 alterius

44 1126 47 1131 >
149 1117 237 1186 opus
262 1100 352 1167 alteri
377 1099 580 1179 innotuisse;
617 1117 727 1185 neque
750 1117 829 1166 vero
861 1104 932 1166 uter
956 1099 1045 1184 prior
1067 1100 1173 1180 fuerit,
1209 1118 1249 1166 ex
1273 1101 1325 1168 his

149 1207 232 1275 locis
256 1205 438 1274 diiudicare
463 1206 584 1274 audeo.

256 1313 368 1395 Quare
393 1314 459 1380 iam
484 1331 667 1399 pergamus
692 1311 735 1380 ad
763 1330 837 1380 eam
861 1314 1095 1400 quaestionem
1119 1314 1324 1382 tractandam

149 1420 191 1489 de
215 1440 281 1508 qua
306 1421 400 1488 multi
429 1419 539 1488 adhuc
562 1421 621 1488 viri
647 1419 735 1488 docti
760 1420 995 1502 disseruerunt,
1026 1428 1134 1487 utrum
1159 1419 1323 1489 Senecam

148 1536 264 1596 auctor
285 1527 412 1595 Aetnae
430 1529 559 1596 noverit
582 1548 625 1595 an
641 1529 790 1595 vicissim
816 1529 869 1595 ille
887 1530 977 1595 hunc
994 1535 1128 1613 poetam
1147 1529 1325 1614 respexerit

148 1655 191 1702 an
211 1655 343 1703 carmen
361 1638 390 1703 ei
409 1637 563 1722 ignotum
576 1637 693 1703 luerit?
710 1635 758 1703 Ac
771 1638 914 1723 primum
932 1636 1069 1722 quidem
1087 1635 1324 1721 inquirendum

149 1745 182 1808 in
199 1743 399 1827 tragoedias,
425 1762 564 1828 quarum
582 1745 743 1810 rationem
762 1743 919 1809 habuisse
937 1750 1083 1828 poetam,
1108 1742 1150 1808 de
1167 1761 1236 1828 quo
1253 1742 1323 1827 agi·

148 1867 234 1929 mus,
258 1851 379 1916 Birtius
404 1850 591 1929 contendit;
615 1849 743 1916 Aetnae
767 1851 857 1916 enim
882 1868 997 1916 versus
1020 1850 1063 1915 76
1080 1866 1152 1934 sqq.

249 1956 400 2038 plurimo
419 1978 501 2040 pars
524 1978 639 2022 coenae
661 1978 772 2021 terram
796 1961 843 2021 est
864 1954 1018 2039 fulturam
1041 1961 1130 2021 vales

254 2063 313 2128 arob
339 2063 435 2128 lomus
458 2063 570 2147 uipros
592 2062 748 2128 auderunt
771 2062 915 2128 cataniae
938 2083 1050 2128 munes
1075 2062 1121 2148 (et
1144 2062 1232 2148 sqq.)
1309 2086 1312 2092 ’

148 2166 190 2234 ad
215 2169 410 2256 philosophi
440 2170 617 2235 Herculem
642 2169 819 2236 Furentem
849 2169 1041 2236 referendos
1066 2187 1139 2235 esse
1164 2169 1323 2254 opinatus

148 2279 206 2356 est,
238 2277 294 2360 qui
326 2295 344 2342 e
372 2277 505 2343 Tartaro
535 2277 678 2356 revertit;
708 2278 742 2342 in
774 2295 840 2361 qua
868 2276 980 2342 iabula
1010 2282 1042 2342 et
1070 2275 1111 2342 de
1141 2275 1321 2342 inferorum

150 2380 281 2448 iudiciis
298 2383 341 2469 (v.
359 2383 425 2450 730
442 2384 529 2470 sqq.)
546 2390 579 2450 et
596 2383 637 2449 de
654 2384 850 2450 hominibus
867 2383 930 2449 illis
947 2382 1079 2448 nefariis
1096 2381 1139 2467 (v.
1157 2381 1222 2448 750
1234 2380 1323 2468 sqq.)

147 2497 262 2556 auctor
293 2491 448 2575 loquitur.
497 2493 571 2558 Hoc
605 2498 839 2575 argumentum
873 2490 955 2556 nihil
979 2489 1076 2568 valet,
1110 2508 1188 2555 nam
1213 2508 1321 2574 paene

147 2613 267 2662 omnes
314 2598 540 2683 philosophos
591 2599 624 2663 in
672 2597 726 2664 illa
766 2601 921 2679 portento
959 2600 1132 2678 poetarum
1171 2597 1322 2663 invectos

97 2776 100 2781 ¹
147 2719 221 2768 esse
250 2704 463 2770 notissimum
495 2712 554 2771 est.
601 2705 713 2786 Quare
749 2706 831 2771 haec
867 2704 1036 2770 mittamus
1061 2710 1102 2782 et,
1139 2721 1220 2768 num
1255 2703 1320 2770 loci

147 2816 276 2876 exstent
292 2811 428 2890 similes,
454 2830 664 2896 quaeramus.
705 2811 802 2893 Quos
818 2811 1009 2896 frequentes
1031 2828 1105 2877 esse
1131 2829 1200 2878 non
1219 2829 1321 2896 posse

147 2919 413 2983 consentaneum
438 2925 501 2997 est3
527 2938 604 2984 nam
630 2925 662 2985 et
686 2937 737 2984 res
761 2925 793 2985 et
808 2918 915 2985 iorma
939 2920 981 2985 ab
1006 2925 1148 3002 utroque
1172 2917 1320 2984 adhibita

146 3023 245 3108 plane
271 3023 418 3090 diversae
443 3031 530 3091 sunt.

168 3129 207 3195 31
224 3151 443 3198 -rosonaro
458 3133 606 3199 cavernis
625 3131 659 3217 (i.
675 3132 728 3220 cl.)
753 3132 835 3218 Thy.
859 3133 924 3199 579
948 3171 991 3181 -—
1015 3137 1148 3199 resonat
1171 3132 1319 3200 cavernis

823 3240 857 3326 (i.
876 3240 930 3326 cl.)

168 3344 210 3409 54
223 3344 355 3429 Jupiter
379 3350 408 3411 el
432 3346 517 3412 coelo
540 3348 654 3413 ructuat
754 3346 893 3413 Phaedr.
922 3346 1006 3414 1245
1030 3351 1175 3414 metuens
1199 3345 1286 3414 caelo

1138 3452 1318 3536 Jupiters

68 3642 71 3647 Ι
167 3559 209 3625 69
223 3563 290 3625 tum
307 3559 405 3627 Liber
428 3566 548 3629 cessato
566 3562 655 3628 vonit
666 3583 728 3646 por
753 3561 794 3629 H.
821 3558 895 3628 Fur.
926 3561 982 3647 (de
1007 3541 1164 3646 Hercule)
1194 3581 1253 3627 neo
1281 3562 1319 3627 in

222 3667 331 3733 sidero
1116 3673 1208 3735 astra
1231 3669 1318 3735 lenta

796 3776 903 3843 veniet
925 3780 962 3842 ut
985 3762 1137 3843 Bocchus
1160 3776 1215 3842 oia

144 3922 170 3972 et
198 3918 307 3986 sopiens
337 3919 451 3975 molitur
481 3919 543 3999 Q
574 3917 633 3987 (II)
661 3937 715 4000 Q
748 3920 874 3977 uariauit
894 3921 986 3985 fauces
1012 3919 1160 3989 mundique
1184 3921 1215 3976 in
1240 3920 1319 3976 devio

197 4007 319 4075 nympha
335 4008 466 4076 pererrato
783 4027 891 4065 vernam

143 4094 323 4150 edithumum
337 4096 402 4151 limo
414 4097 563 4166 partimque
576 4098 713 4154 obstantia
750 4100 830 4155 duxit
853 4100 919 4178 a't-er2
937 4097 997 4167 (ΙΙ)
1016 4116 1080 4178 ⁸329,
1091 4099 1234 4155 barbarica
1257 4116 1318 4155 oum

178 4185 275 4251 mollit,
784 4189 911 4260 lampade
930 4189 1038 4258 Python

143 4272 222 4341 (ΙΙΙ)
230 4277 281 4329 urit
294 4274 378 4330 eliam
389 4275 490 4331 inclusi
499 4277 616 4332 solidum
628 4278 712 4333 vicere
748 4280 826 4342 ursit,
858 4279 890 4334 in
920 4279 1070 4334 immensas
1099 4278 1202 4334 oiraereo
1228 4279 1318 4334 obiere

179 4381 293 4433 vapores
783 4384 914 4422 cavernas

143 4456 224 4520 alque
238 4453 297 4520 qut
310 4453 499 4534 quaeritaQ
505 4459 561 4524 aa·
573 4454 606 4524 (I
611 4458 644 4522 V)
658 4456 714 4536 {alr-e
749 4461 775 4512 ot
804 4457 903 4513 Ptoeot
931 4461 1039 4513 tenuere
1058 4458 1148 4538 Q
1171 4454 1248 4527 (III)
1269 4475 1317 4514 eeu

180 4540 274 4595 omnio
293 4543 373 4598 certas
545 4620 547 4625 Α
624 4615 626 4620 Α
787 4550 881 4616 sponte
898 4546 1009 4602 aeorum
1028 4584 1168 4603 ......

143 4645 299 4700 puqnaoere
316 4630 381 4688 locta
738 4633 808 4706 (IV)
828 4653 882 4719 Q
897 4636 991 4694 Paean
1010 4673 1126 4696 .....
