3022 5024
643 385 864 456 ..22-

167 616 269 669 nemo
294 606 354 683 est,
379 601 460 688 quin
485 599 600 670 Ellisio
626 600 734 690 (Actu.
753 621 784 688 p.
801 601 914 689 XXXI)
945 599 1121 683 concedat;
1151 602 1242 690 apud
1265 603 1344 672 Ver-

167 707 284 792 gilium
302 716 412 777 autem
431 711 513 777 baec
530 712 700 778 enuntiata
718 717 750 777 et
766 711 968 795 simpliciora
991 699 1022 778 et
1039 712 1167 797 aptiora
1183 712 1344 797 legimus:

166 812 249 881 Aen.
263 815 364 881 11309
390 821 458 881 tum
474 838 547 882 vero
563 815 740 900 manifesta
758 815 839 896 fides
862 817 976 884 111375
992 817 1152 899 naupactis
1168 817 1345 901 manifesta

166 918 257 1001 fides.
306 923 404 991 Hanc
428 923 621 1004 dictionem,
651 944 738 1010 quae
767 925 797 991 ei
823 924 996 1005 arridebat,
1025 924 1132 992 Aetna
1157 933 1273 993 auctor
1296 945 1344 994 re·

168 1029 292 1112 petisse
317 1036 349 1096 et
372 1031 530 1115 genetivo
555 1030 711 1098 audacter
734 1033 892 1117 apposito
916 1031 1047 1098 videtur
1070 1033 1213 1099 auxisse.

274 1135 325 1202 De
349 1136 451 1205 altero
470 1157 606 1224 quoque
623 1139 699 1206 loco
725 1157 800 1205 cum
817 1138 1010 1224 Vergiliano
1032 1139 1239 1207 conterendo
1264 1138 1345 1206 Ellis

41 1318 44 1324 ¹
167 1239 358 1327 disputavit,
383 1243 443 1310 sed
468 1245 522 1325 ita,
548 1251 582 1312 ut
599 1244 771 1325 iudicium,
797 1245 891 1330 quod
915 1245 996 1325 tulit,
1023 1264 1131 1330 paene
1157 1245 1259 1312 nullis
1282 1246 1344 1312 ful·

167 1348 246 1415 ciret
269 1353 489 1434 argumentis;
520 1352 702 1419 clausulam
733 1352 809 1419 dico
840 1351 1039 1435 salabremiput
1061 1355 1154 1417 truria
1185 1353 1228 1439 (v.
1254 1352 1344 1439 229),

167 1455 220 1519 cui
257 1456 291 1521 in
320 1456 480 1524 Aeneidis
510 1459 529 1524 l.
554 1458 583 1525 X
610 1480 640 1525 v.
667 1459 731 1525 227
745 1459 967 1543 ‘respondent
994 1460 1109 1525 verba:
1147 1459 1347 1542 subremigat

166 1564 277 1628 trudis.
332 1562 428 1644 Quae
460 1565 643 1632 similitudo
678 1584 756 1632 casu
794 1572 864 1631 orta
898 1584 972 1631 esse
1005 1566 1058 1631 vix
1089 1572 1208 1650 potest.
1269 1566 1343 1632 lam

168 1672 343 1739 enucleare
360 1672 566 1752 studeamus
590 1680 661 1742 uter
676 1673 771 1739 locus
788 1673 934 1757 speciem
960 1673 1077 1757 prioris
1102 1672 1241 1757 originis
1266 1691 1344 1757 prae

166 1801 203 1848 se
226 1781 377 1847 videatur
399 1779 491 1860 terre,
521 1799 559 1847 ac
583 1781 727 1864 primum
757 1779 1009 1846 consideremus
1032 1779 1183 1846 Maronis
1210 1797 1344 1846 versus:

807 1885 1004 1970 Cymodocea

295 2016 383 2076 poue
405 2013 542 2074 separans
566 1996 684 2058 deutra
702 1993 845 2075 puppim
870 1998 964 2076 tenet,
989 1993 1126 2075 ipsaque.
1150 1995 1244 2057 dorso

301 2100 420 2166 eminet
442 2121 480 2165 uo
504 2101 595 2185 lucau
620 2100 729 2165 tuellis
752 2100 952 2183 subremigat
975 2098 1085 2165 cundia.

166 2207 341 2275 Sinistram
376 2209 475 2292 igitur
507 2226 643 2274 manum
675 2208 824 2294 nympha
851 2209 892 2274 ab
918 2209 986 2273 imo
1016 2226 1075 2292 per
1107 2207 1217 2272 undas
1246 2209 1343 2291 quasi

53 2354 56 2359 >
167 2334 277 2382 remex
294 2322 416 2396 movet,
442 2322 478 2381 ut
500 2353 543 2361 —
567 2316 650 2381 haec
668 2333 804 2400 quoque
823 2314 996 2380 adiutandi
1020 2308 1223 2399 significatio
1240 2314 1343 2380 verbo

127 2454 129 2458 Α
166 2422 366 2506 sarbremiput
392 2429 427 2488 ut
456 2422 529 2488 aliis
558 2422 668 2496 verbis
697 2423 759 2488 hac
788 2422 1039 2507 praepositione
1069 2421 1235 2488 instructis
1259 2421 1344 2502 (aub-

166 2528 365 2610 ministrare,
399 2527 551 2610 sufficere
584 2528 659 2615 etc.)
694 2529 780 2594 inest
812 2566 855 2574 -
890 2529 983 2594 navis
1017 2547 1150 2594 cursum
1185 2528 1343 2612 impellat.

166 2635 270 2716 Quod
295 2635 403 2700 tuellis
426 2634 527 2701 audis
551 2634 629 2720 (abl.
648 2635 717 2700 abs.
736 2641 821 2700 recte
838 2635 979 2720 explicat
1000 2635 1208 2701 Hildebrand
1224 2635 1343 2701 Philol.

170 2743 254 2808 1906
279 2761 310 2827 p.
329 2741 407 2828 436)
431 2742 502 2808 lieri
527 2748 646 2825 potest,
672 2743 750 2826 quia
768 2741 830 2808 dea
855 2749 913 2808 est.
953 2742 1056 2808 Vides
1077 2743 1203 2826 optime
1221 2741 1343 2808 dictam

167 2868 241 2916 esse
265 2849 448 2915 clausulam
475 2849 579 2926 illam;
605 2867 715 2932 neque
739 2868 817 2915 vero
843 2850 955 2915 minus
979 2855 1055 2933 apte
1077 2848 1203 2916 Aetnae
1229 2855 1346 2916 auctor

167 2956 323 3041 loquitur.
370 2955 421 3022 Ne
446 2954 536 3040 apud
561 2956 651 3021 hunc
675 2955 811 3039 quidem
837 2962 971 3041 poetam
997 2957 1135 3022 verbum
1161 2956 1243 3022 illud
1267 2975 1343 3041 pro-

169 3065 239 3149 pria
263 3065 296 3131 vi
321 3069 417 3142 caret,
442 3063 502 3129 sed
527 3069 562 3128 ut
579 3062 698 3129 diserte
724 3059 931 3148 copioseque
945 3064 1152 3130 Hildebrand
1178 3063 1343 3144 disseruit,

168 3178 343 3257 propterea
373 3176 567 3254 usurpatum
598 3177 657 3250 est,
686 3170 779 3254 quod
803 3172 906 3237 vectis
935 3189 1114 3237 numerose
1144 3173 1177 3237 in
1202 3171 1342 3238 modum

168 3279 297 3363 remigii
329 3278 471 3362 agitatur
502 3283 533 3342 et
566 3277 599 3342 in
636 3278 720 3357 imo,
754 3296 829 3343 cum
864 3297 964 3362 supra
996 3279 1176 3363 organicus
1208 3279 1344 3363 linguas

136 3373 272 3470 ¹'digito
308 3390 445 3469 premat.
504 3383 616 3468 ltaque
656 3384 763 3451 elucet
802 3385 892 3469 apud
932 3392 1109 3471 utrumque
1148 3387 1342 3472 scriptorem

164 3493 399 3559 verbum-non
428 3491 509 3558 levis
534 3493 696 3557 momenti
718 3510 802 3571 esse,
833 3493 893 3559 sed
921 3495 987 3559 vim
1018 3499 1138 3558 certam
1169 3494 1342 3576 praebere;

164 3605 277 3665 tamen
295 3599 468 3665 diiudicari
486 3616 588 3683 posse
606 3597 716 3677 creda,
734 3605 805 3664 uter
821 3600 953 3665 alterius
971 3599 1086 3663 horrea
1104 3598 1341 3683 compilaverit.

165 3705 329 3787 Quaestio
356 3712 414 3785 est,
440 3712 511 3772 uter
534 3723 567 3770 re
592 3706 664 3789 ipsa
691 3707 800 3790 magis
825 3707 980 3772 incitatus
1004 3705 1055 3782 sit,
1081 3710 1116 3769 ut
1140 3705 1203 3770 hac
1227 3706 1342 3771 simili·
1423 3785 1426 3790 1
1462 3705 1465 3709 ’

165 3813 283 3880 tudine
308 3819 460 3879 uteretur.
507 3811 581 3877 lam
607 3812 774 3879 cernimus
804 3813 925 3878 actioni
951 3811 1120 3896 nymphae
1146 3829 1221 3876 cum
1247 3813 1342 3877 remi-

166 3919 281 4004 gando
306 3920 400 4004 plura
425 3919 619 3984 communia
644 3936 718 3984 esse
743 3937 842 4001 quam
868 3936 1062 3996 numerum;
1088 3935 1226 3983 manum
1252 3918 1341 3983 enim

166 4034 201 4094 ut
236 4044 364 4092 remum
396 4044 454 4109 per
489 4043 612 4110 aquam
649 4025 741 4109 quod
778 4026 889 4108 agitat,
926 4023 1003 4090 ideo
1038 4024 1126 4104 facit,
1163 4031 1198 4090 ut
1222 4042 1342 4089 navem

166 4134 330 4200 moliatur.
370 4131 494 4198 Revera
512 4132 610 4216 igitur
627 4133 774 4216 remigat,
801 4132 864 4196 nisi
886 4132 978 4215 quod
1003 4150 1114 4198 remus
1132 4132 1204 4197 eius
1221 4148 1342 4196 manus

165 4248 224 4307 est.
273 4239 357 4307 Cum
383 4246 493 4304 autem
519 4257 577 4324 per
606 4258 642 4305 se
665 4237 939 4305 verisimillimum
969 4241 1010 4306 sit
1035 4237 1217 4305 clausulam
1242 4237 1341 4303 talem

166 4349 199 4413 in
232 4366 273 4414 eo
305 4347 543 4416 sententiarum
581 4364 711 4414 conexu
749 4347 918 4415 inventam
950 4344 1048 4427 esse,
1069 4348 1128 4413 ubi
1164 4347 1341 4412 verborum

165 4455 367 4538 significatio
385 4455 578 4539 principalis
596 4453 744 4532 occurrit,
767 4454 914 4537 Vergilio
932 4454 1057 4538 priores
1075 4460 1183 4538 partes
1200 4453 1341 4520 tribuere

169 4579 239 4627 non
264 4561 502 4627 dubitabimus
