3022 5024
629 323 851 395 „13-

76 632 81 637 ¹
255 540 474 631 Inspiciamus
507 543 606 628 igitur
638 542 789 610 Maronis
823 561 935 628 opera.
995 543 1100 625 Quod
1132 541 1248 611 attinet
1283 541 1327 611 ad

147 649 317 730 Bucolica,
353 650 436 716 tales
465 648 701 716 similitudines
735 668 804 716 non
836 656 975 730 exstant,
1011 668 1029 716 e
1065 651 1188 735 quibus
1216 651 1325 718 conici

150 757 267 841 possit,
293 762 365 823 uter
388 756 526 823 alterum
552 757 700 823 imitatus
725 757 775 823 sit.

255 863 364 930 Multo
382 870 493 930 autem
506 863 748 948 frequentiores
761 862 1005 949 Georgicorum
1019 865 1083 931 loci
1097 871 1184 944 sunt,
1203 866 1326 951 quibus

90 1059 93 1063 .
148 969 191 1037 de
214 967 341 1037 Aetnae
365 972 516 1037 versibus
541 989 832 1051 commoneamur;
858 990 999 1056 quorum
1018 973 1052 1038 in
1077 990 1218 1039 numero
1241 991 1325 1039 non-

148 1077 231 1143 nulli
256 1078 480 1158 inveniuntur,
505 1079 562 1163 qui
580 1078 777 1144 imitatorem
797 1077 973 1144 ostendere
997 1077 1182 1144 videantur.
1210 1078 1325 1146 Unum

149 1184 214 1250 iam
240 1185 441 1269 significavit
464 1184 545 1250 Ellis
569 1183 678 1271 (hetn.
697 1184 748 1250 ed.
768 1204 799 1270 p.
816 1184 953 1271 XXXII),
979 1203 1054 1251 cum
1080 1183 1324 1270 Georgicorum

148 1291 168 1357 l.
185 1291 196 1357 Ι
212 1313 242 1359 v.
261 1294 326 1359 467
351 1311 426 1362 cum
445 1293 599 1360 carminis
617 1293 716 1359 huius
731 1313 762 1358 v.
776 1293 841 1359 609
859 1293 1035 1372 conferret;
1054 1292 1147 1377 quod
1164 1292 1324 1359 iudicium

99 1403 109 1416 ⁴
148 1399 221 1465 tulit
248 1399 425 1467 Maronem
455 1400 597 1484 priorem
629 1398 816 1484 putandum
846 1417 931 1479 esse,
964 1417 1040 1466 cum
1070 1417 1112 1466 eo
1137 1400 1325 1478 consentio,

148 1505 209 1572 sed
233 1507 417 1572 accuratius
441 1526 508 1572 rem
527 1505 784 1572 examinandam
810 1524 883 1571 esse
909 1524 1032 1573 censeo
1050 1524 1150 1591 quam
1175 1506 1223 1572 vir
1246 1504 1326 1572 doc-

148 1613 297 1679 tissimus
320 1613 407 1691 fecit‚
433 1614 490 1697 qui
508 1612 601 1699 quod
618 1613 766 1697 putabat,
791 1613 997 1697 argumentis
1015 1630 1085 1678 non
1103 1612 1265 1697 probavit.
1283 1648 1327 1703 .·‘

147 1716 274 1784 hetnae
298 1726 413 1785 auctor
435 1719 487 1785 l.l.
513 1721 637 1784 endum
653 1719 816 1799 rhetorem,
843 1736 929 1803 quae
954 1737 995 1784 ex
1009 1717 1116 1784 Aetna
1134 1718 1326 1803 erumpitur,

149 1842 225 1890 cum
249 1825 389 1891 fulmine
415 1832 599 1910 comparat:

193 1931 257 1997 609
281 1930 388 1996 Haud
412 1932 508 1997 aliter
531 1953 628 2014 quum
652 1954 725 1999 eum
748 1953 841 1997 suevo
864 1931 945 1996 Jove
968 1931 1122 2016 futpurut
1145 1932 1254 1997 aether

225 2084 228 2089 -
299 2042 329 2103 et
350 2037 495 2104 rritr'rtura
519 2040 654 2105 obseura
679 2041 804 2105 caetum
828 2037 969 2122 euttpr'rre
992 2042 1126 2121 torquet.

38 2174 43 2233 ‘‚
147 2142 196 2210 hc
212 2145 356 2230 primum
374 2147 550 2230 quaeritur,
576 2148 651 2231 quis
667 2153 829 2231 torqueat.
871 2145 967 2213 Ratio
985 2145 1201 2230 grammatica
1226 2145 1326 2212 nobis

149 2252 277 2332 suadet,
303 2260 338 2318 ut
362 2254 493 2320 aethera
511 2254 698 2320 subiectum
724 2253 898 2333 ducamus,
924 2252 958 2319 id
975 2252 1068 2339 quod
1093 2252 1238 2319 editores
1261 2258 1326 2318 tres

150 2358 249 2424 huius
285 2359 439 2426 decennii
468 2359 630 2440 fecerunt;
667 2379 753 2445 quos
785 2379 855 2427 non
885 2379 1017 2445 sequor,
1048 2378 1124 2426 cum
1149 2357 1325 2444 quomodo

149 2467 261 2532 aether
296 2467 424 2533 caelum
461 2474 622 2552 torqueat,
648 2469 839 2552 intellegere
869 2486 1046 2552 nequeam.
1107 2466 1219 2547 Quare
1249 2484 1325 2532 cum

149 2571 392 2640 Hildebrandio
417 2575 603 2641 subiectum
629 2575 663 2641 in
686 2575 795 2641 verbis
819 2574 1111 2641 antecedentibus:
1136 2592 1230 2637 suevo
1245 2570 1327 2637 Jove

149 2678 259 2746 inesse
295 2699 418 2747 censeo
456 2688 487 2747 et
521 2689 598 2748 ante
632 2682 835 2748 vocabulum
867 2679 1012 2745 nitidum
1048 2698 1112 2747 nos
1145 2677 1326 2745 subaudire
1394 2750 1396 2754 ,

149 2792 317 2871 oportere:
340 2786 507 2869 Jrrpptter.
554 2787 623 2855 Sed
646 2807 689 2854 ne
706 2789 768 2855 hac
785 2787 920 2871 quidem
939 2788 1066 2854 ratione
1083 2786 1195 2854 omnis
1219 2784 1325 2852 offen-

148 2893 200 2959 sio
231 2900 358 2961 remota
392 2901 451 2960 est.
508 2895 600 2977 Quid
637 2895 700 2960 sibi
737 2895 855 2961 volunt
877 2896 992 2961 verba:
1029 2893 1154 2958 eurtum
1187 2890 1328 2976 rattpr'rre

150 2999 299 3082 torquet?
343 3000 501 3068 Sudhaus
529 3003 638 3069 vertit:
672 3001 831 3080 remittit:
860 3019 971 3087 neque
999 3019 1078 3068 vero
1110 3001 1214 3066 ullum
1246 3001 1326 3073 novi

150 3107 274 3188 locum,
300 3127 368 3194 quo
395 3110 476 3175 haec
493 3104 694 3194 significatio
711 3108 878 3175 vocabulo
895 3107 1074 3193 torquendi
1091 3108 1178 3174 insit.
1202 3106 1326 3173 Verum
1388 3175 1389 3178 ,

150 3233 281 3296 omnes,
312 3217 370 3301 qui
397 3218 512 3283 verba:
542 3217 667 3281 eretum
700 3220 846 3297 torquere
874 3216 1025 3295 audiunt,
1056 3214 1097 3281 de
1126 3215 1326 3282 circumactu

150 3323 232 3389 caeli
256 3324 421 3409 cogitant3
446 3324 512 3390 hoc
535 3323 639 3391 modo
665 3322 851 3390 secundum
877 3323 1047 3409 proprium
1071 3323 1162 3389 verbi
1187 3339 1325 3388 sensum

149 3430 272 3509 locum,
308 3450 408 3516 quem
442 3437 629 3512 tractamus,
654 3431 735 3497 Ellis
759 3431 950 3514 intellegere
972 3428 1052 3496 vult.
1103 3429 1222 3513 Neque
1249 3445 1326 3495 vero

150 3535 184 3601 in
209 3555 248 3602 ea
273 3555 316 3617 re,
341 3556 441 3622 quam
460 3547 560 3624 poeta
577 3539 728 3624 explicat,
754 3538 929 3605 conversio
947 3535 1065 3602 mundi
1090 3537 1171 3601 mihi
1188 3534 1325 3620 quidem

149 3642 261 3710 locum
306 3644 435 3711 videtur
478 3646 615 3726 habere;
665 3644 807 3711 auctoris
852 3643 942 3709 enim
988 3644 1122 3709 interest
1161 3641 1326 3708 declarare

151 3751 279 3817 caelum
297 3752 408 3818 subito
427 3753 606 3832 obscurari,
632 3752 665 3817 id
682 3751 774 3835 quod
793 3757 887 3818 motu
910 3751 966 3817 illo
985 3756 1070 3816 certe
1088 3767 1158 3816 non
1176 3748 1325 3814 efficitur.

72 3889 79 3904 ·
150 3857 262 3943 ltaque
297 3877 335 3924 ea
370 3861 462 3925 verbi
498 3859 745 3943 significatione
780 3876 895 3924 versus
931 3855 1163 3941 explanandus
1198 3854 1328 3921 videtur

151 3984 236 4046 esse,
261 3984 347 4050 quae
372 3968 436 4032 iam
455 3966 662 4050 relinquitur:
688 3983 824 4031 sensum
843 3964 919 4030 dico
936 3963 1093 4043 vexandi3
1119 3963 1215 4048 quasi
1232 3960 1326 4027 caelo

151 4075 228 4141 atris
253 4072 400 4138 nubibus
417 4073 575 4138 immissis
600 4072 717 4137 iniuria
740 4072 807 4152 fiat,
833 4079 933 4157 poeta
958 4071 1066 4137 dicere
1083 4070 1164 4135 mihi
1181 4067 1325 4135 videtur:

90 4176 93 4181 ’
150 4178 309 4261 Juppr'ter
341 4179 465 4242 coetum
496 4178 635 4261 euttptrre
662 4183 768 4243 vexat.
815 4179 890 4245 Jam
916 4178 1127 4244 conferamus
1156 4193 1231 4241 cum
1261 4175 1327 4241 hoc

152 4286 336 4365 enuntiat0,
362 4285 455 4368 quod
479 4286 597 4350 mirum
619 4304 701 4351 sane
726 4293 758 4352 et
774 4286 953 4352 obscurum
973 4285 1081 4350 dicere
1107 4302 1176 4348 non
1200 4299 1326 4362 vereor,

151 4411 282 4461 versum
307 4392 441 4477 Vergili,
466 4391 522 4477 qui
547 4391 588 4459 de
613 4392 684 4458 sole
709 4392 863 4458 affirmat:

281 4499 372 4571 1467
389 4520 462 4567 euru
486 4504 585 4586 eaput
607 4499 742 4567 obserere
766 4498 908 4566 rettr'rtrurr
931 4496 1101 4584 ferruptrre
1126 4495 1209 4563 terit
