3022 5024
652 342 873 411 ..49-

175 578 245 629 non
271 560 421 647 potuisse
445 560 615 646 lapidibus
639 559 712 640 illis,
738 559 795 644 qui
820 558 863 625 ad
887 557 1043 625 incendia
1067 557 1188 626 alenda
1214 558 1352 626 minoris

175 668 338 735 momenti
363 675 450 748 sunt,
480 668 632 733 virtulem
657 668 782 746 inesse3
813 683 922 750 neque
947 666 1035 732 enim
1062 666 1127 733 hoc
1149 666 1352 735 vocabulum

175 774 239 840 nisi
275 774 317 841 de
353 775 555 859 perfectione
592 774 736 860 quadam
774 780 949 857 usurpatur
976 790 1086 857 neque
1111 780 1161 839 est
1185 780 1351 840 nostrum:

179 880 444 966 ,Eigenschait“.
478 882 575 964 Quae
600 900 675 949 curn
702 881 744 947 ita
769 881 844 959 sint,
870 885 1061 946 contextum
1087 878 1240 946 traditum
1266 879 1352 945 male

175 988 323 1072 intellegi
347 1007 535 1056 asseverare
561 989 645 1056 licet.
693 988 773 1073 Ellis
790 987 974 1053 Vessereau
1000 986 1053 1051 alii
1072 1004 1147 1051 curn
1165 985 1352 1052 Sloaniano

174 1100 207 1160 et
223 1094 371 1161 editione
388 1114 417 1160 a.
438 1095 522 1162 1475
533 1093 673 1177 propria
689 1094 796 1159 alrlru
819 1093 981 1170 scribunt;
1006 1092 1099 1177 quod
1116 1110 1216 1177 supra
1238 1099 1351 1160 contra

175 1200 418 1268 Stowasserum
452 1202 603 1281 disserui,
640 1203 738 1269 etiam
775 1202 809 1267 in
834 1202 898 1266 hos
933 1199 1034 1266 cadit:
1065 1200 1168 1265 virtus
1203 1217 1273 1266 non
1302 1206 1353 1266 est

174 1312 336 1374 caractere
369 1310 421 1376 vel
455 1310 578 1391 special
600 1314 763 1392 properly,
800 1307 860 1374 sed
891 1307 1069 1391 singularis
1098 1307 1262 1390 quaedam
1288 1308 1351 1384 viS,

174 1433 260 1500 quae
290 1433 371 1482 sane
400 1416 502 1501 lapidi
533 1417 649 1483 molari
678 1417 733 1502 (cl.
756 1414 845 1499 416),
875 1433 944 1480 non
975 1414 1090 1480 ceteris
1121 1414 1216 1479 inest.
1264 1413 1349 1479 Cum

174 1529 323 1589 neutram
341 1523 517 1590 lectionem
536 1524 704 1608 percipere
723 1523 863 1608 possim,
881 1522 957 1588 loco
975 1538 1105 1587 crucem
1123 1521 1349 1605 apposuerim.

174 1627 338 1714 Sequitur,
374 1638 410 1697 ut
443 1631 610 1697 vocabulo
641 1630 784 1711 propala
815 1648 883 1695 non
910 1629 1009 1694 nimis
1034 1629 1129 1694 inniti
1155 1627 1349 1694 debeamus,

173 1734 314 1802 Duabus
338 1738 523 1804 rationibus
547 1737 688 1803 formam
705 1737 764 1803 viri
782 1735 870 1802 docti
888 1735 1143 1819 explicaverunt.
1192 1734 1350 1801 Sudhaus

173 1860 247 1907 eam
288 1843 330 1908 ab
366 1841 530 1910 adiectivo
566 1844 632 1909 iam
669 1862 739 1909 non
775 1849 905 1909 servato
935 1842 1098 1923 propales
1122 1870 1162 1897 =
1189 1842 1350 1926 πρόδηλος

175 1947 343 2016 derivavit.
391 1948 425 2016 Si
452 1951 517 2016 hoc
541 1958 664 2017 rectum
690 1956 749 2030 est,
774 1956 860 2015 certe
885 1949 966 2014 nihil
991 1966 1031 2014 ex
1056 1949 1117 2015 hac
1134 1967 1167 2014 re
1184 1947 1226 2014 de
1243 1955 1349 2014 aetate

173 2056 328 2121 carminis
352 2056 561 2141 prolicimus;
587 2076 664 2123 nanr
688 2057 762 2123 talis
784 2057 891 2122 forma
909 2064 941 2123 et
956 2056 1123 2123 veteribus
1140 2062 1172 2122 et
1189 2057 1349 2123 recentio-

176 2162 268 2228 ribus
291 2165 500 2248 temporibus
523 2165 598 2230 oriri
620 2165 729 2248 potuit
752 2163 904 2248 (fortasse
929 2164 972 2230 ita
997 2170 1032 2228 ut
1056 2164 1211 2229 homines
1235 2163 1269 2228 in
1293 2163 1349 2229 tali

174 2267 331 2349 dictione,
344 2270 452 2354 qualis
464 2292 531 2335 reta
537 2271 711 2352 propa-lura
721 2268 838 2352 faeere,
846 2271 911 2335 ianr
926 2287 995 2336 non
1007 2270 1167 2336 sentirent
1173 2270 1349 2350 propalam

174 2374 367 2442 adverbium
391 2396 465 2444 esse
483 2385 571 2444 etex
589 2379 650 2444 hac
668 2397 707 2459 ¹re
724 2377 861 2463 proiecti
878 2376 1077 2442 adiectivum
1101 2376 1260 2461 propalus
1283 2375 1347 2441 lor-

173 2482 323 2568 marent).
370 2482 471 2550 Aliter
495 2483 537 2550 de
560 2485 727 2565 vocabulo
752 2483 938 2550 Stowasser
961 2482 1132 2560 iudicavit;
1157 2483 1240 2547 nihil
1257 2481 1348 2574 aliud

171 2606 245 2655 esse
276 2590 419 2671 propala
443 2591 507 2656 nisi
537 2592 712 2672 propalam
745 2590 848 2657 littera
884 2609 917 2655 nr
942 2589 1062 2656 eodem
1090 2588 1194 2656 modo
1219 2589 1347 2656 omisso

170 2698 335 2782 exposuit,
360 2716 428 2783 quo
455 2698 488 2763 in
512 2697 600 2764 Enni
624 2717 720 2766 versu
746 2697 923 2764 notissimo

389 2825 456 2869 aon
481 2805 534 2869 eal
557 2826 703 2870 rumores
720 2805 864 2887 portabat
886 2809 962 2870 uate
983 2804 1132 2869 salutem.

276 2911 342 2978 lam
382 2912 449 2978 Birt
487 2911 578 2998 apud
619 2911 839 2979 Columellam
883 2912 1020 2980 verbum
1051 2911 1195 2993 propala
1233 2928 1346 2978 occur-

170 3036 238 3084 rere
278 3020 424 3099 monuit;
464 3020 609 3103 legimus
645 3021 733 3085 enim
770 3021 804 3085 in
841 3021 940 3086 huius
975 3020 1059 3086 libro
1095 3019 1137 3086 de
1172 3019 1346 3085 arboribus

169 3125 236 3211 (Vll
258 3125 278 3190 2
303 3125 355 3192 ed.
373 3126 624 3212 bonushomo:
655 3126 785 3210 Ve'rpara
807 3148 879 3191 eura
901 3130 1040 3192 uraalre
1054 3125 1235 3207 deprimere
1249 3126 1345 3208 uoles‘,

168 3231 308 3297 scrobem
336 3253 576 3315 quoquoversus
604 3237 759 3314 quattuor·
780 3236 905 3315 pedara
932 3232 1032 3316 faello
1060 3232 1118 3315 lta,
1147 3237 1187 3296 ul
1202 3232 1346 3314 propalo

168 3359 236 3403 aaa
259 3339 412 3405 laedatur
436 3339 574 3405 ulterius
597 3340 773 3406 radicibus.
822 3341 863 3407 H.
885 3340 905 3406 l.
922 3340 1125 3407 vocabulum
1150 3338 1344 3406 adverbium

170 3444 363 3514 ducendum
387 3446 517 3514 videtur
540 3467 614 3515 esse
622 3469 630 3527 ;
656 3466 756 3533 quare
770 3447 965 3514 Stowasseri
990 3445 1229 3514 enodationem
1253 3446 1345 3512 verbi

169 3554 432 3620 verisimiliorem
456 3555 649 3640 putaverim.
687 3554 755 3621 Sed
779 3573 951 3641 perperam
977 3573 1053 3621 eum
1078 3573 1119 3620 ex
1135 3554 1197 3619 hac
1214 3572 1246 3619 re
1265 3571 1344 3620 con-

169 3660 308 3727 clusisse
325 3679 457 3727 carmen
474 3663 683 3747 temporibus
695 3663 934 3729 vetustioribus
949 3660 1162 3728 tribuendum
1177 3679 1252 3727 esse
1265 3660 1344 3727 inde

170 3766 287 3847 elucet,
312 3767 406 3852 quod
431 3767 616 3835 Columella
641 3768 760 3836 eadem
785 3769 891 3835 forma
916 3788 998 3835 usus
1022 3775 1080 3835 est.
1128 3767 1164 3834 Si
1189 3767 1342 3834 conside-

169 3874 350 3941 raverimus
388 3875 487 3941 etiam
526 3876 664 3942 verbum
699 3877 878 3958 propalare
926 3876 1166 3962 posterioribus
1205 3874 1342 3941 demum

169 3983 377 4066 temporibus
395 4000 564 4050 occurrere
581 3982 739 4068 (Colum,
757 3982 888 4063 Sidon,
914 3983 1020 4050 Claud
1036 3983 1151 4063 Mam,
1175 3980 1342 4068 August),

172 4106 239 4154 rem
264 4089 307 4155 ita
331 4108 368 4155 se
394 4090 515 4156 habere
541 4089 704 4156 informa
729 4091 866 4175 propala
890 4091 986 4157 facile
1010 4091 1219 4174 colligemus.

274 4195 340 4262 lam
377 4197 614 4280 perlustremus
648 4205 765 4276 cetera,
801 4216 886 4282 quae
922 4198 1100 4264 attulerunt
1129 4218 1180 4264 vv.
1206 4196 1273 4276 dd,
1307 4203 1343 4263 ut

167 4320 300 4368 carmen
336 4309 412 4369 ante
449 4321 567 4370 aevum
605 4312 800 4388 argenteum
836 4305 1008 4372 conditum
1044 4321 1117 4371 esse
1153 4305 1340 4390 probarent.

167 4407 215 4475 hc
249 4410 392 4495 primum
429 4409 565 4495 quidem
590 4410 838 4479 admonuerunt
862 4412 1055 4497 genetivum
1080 4413 1114 4479 in
1138 4449 1182 4459 —-
1205 4410 1231 4475 il
1255 4410 1341 4477 desi-

167 4522 302 4585 nentem
334 4515 486 4585 nondum
512 4518 545 4585 in
569 4517 675 4587 Aetna
707 4519 846 4588 inveniri
877 4518 1049 4610 (Sudhaus
1073 4537 1106 4608 p.
1123 4517 1190 4606 87).
1237 4517 1341 4603 Quod

1161 4624 1179 4689 l
