3022 5024
666 272 888 342 ..51-

189 489 256 557 Birt
290 491 452 575 probavit,
489 509 565 557 cum
601 491 688 557 hanc
723 491 934 575 pronominis
970 487 1193 574 interrogativi
1222 488 1363 555 tormam

190 614 260 663 non
296 597 405 664 solum
435 617 454 663 a
477 597 610 664 Valerio
635 596 764 678 flacco,
801 597 896 662 cuius
928 597 1039 663 locum
1065 594 1224 662 Sudhaus
1248 595 1364 674 attulit,

189 702 250 770 sed
274 704 372 770 etiam
398 723 416 770 a
440 703 568 770 Seneca
592 704 703 789 (Herc.
720 702 795 770 Oet.
817 702 915 790 1365)
941 701 1196 787 Claudianoque
1213 701 1365 788 (septies)

190 818 381 896 usurpatam
407 830 481 878 esse
506 810 640 877 doceret
664 808 710 895 (p.
728 811 793 876 607
811 830 843 876 n.
865 808 939 895 10.)

298 916 365 983 Sed
391 925 504 985 contra
522 924 649 1002 tempra
666 917 850 1002 posteriora
875 916 1021 984 indicare
1044 916 1174 983 videtur
1197 934 1274 1001 gen.
1297 916 1365 982 obi.

189 1023 254 1105 sui,
279 1043 347 1108 quo
372 1025 425 1091 bis
449 1024 549 1090 utitur
572 1030 687 1090 auctor
710 1021 789 1108 (156
813 1025 908 1088 durat
925 1074 932 1089 .
951 1075 958 1088 .
975 1021 1154 1104 spectaculi
1170 1023 1282 1101 tellus;
1305 1022 1366 1088 177

189 1129 332 1215 [Aetna]
343 1130 398 1195 sul
409 1128 585 1212 manifesto
597 1128 708 1213 (ides)
732 1131 789 1215 qui
805 1130 962 1215 frequens
979 1136 1028 1197 est
1045 1130 1078 1196 in
1092 1128 1241 1196 Senecae
1258 1128 1366 1215 pbilo-

190 1238 290 1323 sophi
315 1236 489 1322 scriptis).

296 1344 415 1430 Neque
439 1345 572 1411 silentio
597 1345 818 1429 praeterierim
843 1343 1037 1428 particulam
1062 1347 1130 1424 aut,
1161 1360 1365 1427 quamquam

191 1469 266 1517 cum
293 1452 366 1517 aliis
391 1452 558 1537 particulis
583 1451 791 1518 disiunctivis
814 1452 905 1518 velut
920 1450 980 1532 vel,
1004 1471 1042 1514 ve
1058 1450 1218 1517 omnibus
1234 1455 1364 1534 tempo·

190 1558 281 1624 ribus
320 1559 544 1643 coniungitur,
584 1577 661 1625 cum
700 1558 860 1643 particula
894 1557 962 1622 slve
997 1575 1067 1624 non
1103 1557 1251 1641 copulari
1289 1563 1366 1623 ante

189 1664 378 1746 Manilium,
411 1666 467 1750 qui
492 1666 545 1732 bis
570 1666 612 1731 ita
636 1666 769 1732 locutus
793 1673 844 1732 est
866 1663 1015 1732 variandi
1040 1682 1140 1731 causa
1164 1663 1189 1750 (1
1216 1663 1277 1729 122
1304 1680 1366 1747 sqq

191 1770 227 1837 111
255 1771 317 1838 149
342 1771 428 1857 sqq).
453 1771 622 1839 Praeterea
646 1773 709 1839 sibi
731 1772 937 1858 respondent
956 1770 1024 1836 slve
1044 1778 1076 1837 et
1092 1771 1200 1836 autin
1218 1769 1366 1837 Senecae
1400 1767 1404 1774 '

192 1877 334 1944 Hercule
363 1877 492 1946 Oetaeo
522 1878 672 1945 577-81
705 1885 737 1946 et
766 1880 799 1945 in
829 1879 923 1946 Statii
952 1877 1051 1945 Silvis
1079 1875 1366 1963 (111‚110sqq);

190 1985 314 2068 quibus
338 1984 421 2051 locis
445 1986 487 2052 ab
514 1985 756 2052 Hildebrandio
779 1984 911 2071 (Philo).
929 1986 971 2052 56
989 2004 1021 2071 p.
1042 1984 1118 2069 117)
1144 1984 1250 2051 allatis
1273 1983 1366 2049 addi-

192 2091 329 2177 derim²)
359 2090 461 2159 Taciti
492 2092 671 2174 HistVl,
684 2095 715 2158 4.
762 2091 874 2173 Quare
911 2094 993 2159 haec
1027 2092 1174 2172 variatio,
1211 2108 1296 2175 quae
1332 2090 1366 2156 in
1489 2142 1497 2155 .

190 2195 317 2265 Aetnae
340 2219 392 2265 vv.
410 2198 471 2264 102
485 2218 557 2284 sqq.
572 2207 686 2279 exstat,
704 2201 812 2284 magis
825 2200 1066 2286 posterioribus
1083 2217 1184 2283 quam
1201 2197 1367 2283 prioribus

190 2306 399 2389 temporibus
422 2305 551 2372 videtur
575 2307 750 2392 placuisse.

297 2410 364 2478 Sed
401 2413 466 2479 iam
503 2412 545 2478 ad
581 2413 679 2479 aliam
716 2433 784 2480 rem
815 2420 1032 2480 transeamus.
1080 2411 1223 2497 Saepius
1247 2431 1266 2478 a
1289 2410 1367 2477 viris

192 2518 299 2585 doctis
316 2520 504 2605 expositum
523 2527 572 2587 est
580 2519 606 2605 ³)
622 2539 813 2587 sermonem
832 2528 1005 2606 poetarum
1024 2520 1202 2587 latinorum
1219 2518 1366 2601 Vergilio

191 2625 371 2710 plurimum
389 2626 521 2706 debere,
538 2628 596 2712 qui
614 2628 776 2712 imprimis
793 2628 1001 2695 circumitum
1021 2665 1065 2674 —
1081 2625 1228 2711 περίοδον
1244 2631 1367 2692 vocant

192 2730 309 2799 Graeci
344 2771 388 2780 -
423 2734 607 2819 compluria
643 2735 792 2801 membra
829 2734 1126 2802 coniunctionibus
1161 2731 1367 2799 secundariis

191 2840 368 2906 subiuncta
412 2841 602 2925 amplexum
648 2860 717 2909 non
761 2850 828 2909 tam
868 2849 1042 2928 poetarum
1082 2859 1182 2926 quam
1223 2839 1367 2925 pedestri

191 2946 333 3013 orationi
369 2949 547 3015 convenire
577 2949 707 3015 censuit
735 2949 880 3034 ideoque
909 2950 1051 3018 evitavit.
1098 2947 1186 3015 Illius
1215 2965 1366 3014 normam

191 3059 312 3138 poetae
351 3054 599 3139 insequentium
638 3062 828 3140 temporum
864 3054 1116 3140 adoptaverunt,
1156 3054 1200 3120 ita
1235 3060 1271 3120 ut
1306 3053 1368 3118 hac

192 3161 318 3226 ratione
354 3159 496 3227 discerni
532 3162 648 3247 possit,
684 3169 792 3229 utrum
820 3168 896 3229 ante
920 3162 1095 3229 Naronem
1121 3181 1163 3227 an
1189 3167 1266 3245 post
1289 3178 1366 3226 eum

192 3285 324 3333 carmen
358 3267 530 3352 quoddam
564 3269 721 3354 scriptum
758 3270 813 3348 sit;
850 3287 892 3335 ne
920 3269 1080 3334 Manilius
1115 3267 1263 3352 quidem,
1299 3267 1367 3352 qui,

192 3380 335 3440 ceterum
373 3374 501 3441 tormae
539 3375 665 3443 Lucreti
698 3383 840 3442 sectator
877 3375 1154 3460 diligentissimus
1187 3381 1246 3452 est,
1281 3374 1368 3439 hanc

191 3481 301 3565 legem
326 3481 519 3565 repudiavit.
567 3483 632 3549 tam
658 3483 685 3548 si
710 3483 744 3548 in
760 3481 901 3549 Aetnam
927 3482 1135 3567 inquirimus,
1159 3482 1259 3547 huius
1284 3498 1367 3565 quo-

192 3605 257 3672 que
304 3589 459 3654 carminis
505 3597 673 3656 auctorem
721 3591 783 3656 hac
829 3590 862 3655 in
903 3607 935 3655 re
975 3588 1161 3674 discrepare
1200 3607 1218 3653 a
1257 3587 1368 3672 poetis

190 3696 427 3762 vetustioribus
450 3696 540 3762 velut
557 3715 575 3761 a
592 3696 742 3763 Lucretio
760 3696 959 3782 Catulloque
977 3697 1232 3781 cognoscimus3
1257 3712 1368 3780 neque

192 3803 281 3868 enim
306 3802 371 3868 tale
395 3804 603 3871 enuntiatum
628 3803 719 3889 apud
744 3822 821 3870 eum
846 3805 1012 3871 invenitur
1035 3804 1133 3889 quale
1157 3803 1299 3869 Lucreti:

297 3999 320 4071 ¹)
341 3998 515 4059 Obemneier.
539 3997 797 4070 Spraohgebrauoh
822 3997 873 4054 des
892 3998 996 4053 Lukan
1019 4017 1046 4070 p.
1059 4000 1094 4054 47
1120 3997 1203 4070 „dem
1221 3998 1367 4053 silbernen

191 4085 331 4143 Zaitalter
353 4106 415 4143 war
438 4087 489 4142 der
516 4105 584 4157 gen.
604 4088 660 4141 obi.
683 4091 729 4146 sui
747 4089 964 4158 eigontttmlioh,
992 4089 1120 4143 welches
1146 4089 1192 4143 bei
1217 4087 1315 4159 Nepos
1337 4088 1367 4140 in

192 4179 341 4235 admiralio
358 4180 404 4234 sul
423 4178 485 4231 sein
505 4175 625 4232 Vorbild
643 4176 719 4230 hat.“

299 4265 321 4336 ²)
341 4265 383 4319 Of.
403 4266 488 4321 Thes.
508 4266 593 4337 Ling.
613 4265 677 4320 Lat.
697 4281 719 4320 s
739 4284 767 4319 v.
786 4274 844 4325 aul.

297 4354 321 4427 3)
342 4353 468 4410 Skutsch
495 4356 558 4411 nus
583 4354 670 4430 Vorg.
689 4357 792 4412 Frtthz.
823 4357 861 4431 (p.
881 4358 915 4414 65
928 4358 1011 4430 sqq),
1038 4356 1158 4415 Norden
1187 4357 1304 4411 Komm.
1331 4374 1367 4410 zu

191 4443 265 4501 Aen.
285 4443 328 4501 VI
346 4444 385 4518 (p.
398 4445 452 4502 369
468 4444 550 4518 sqq.)

1171 4535 1205 4595 4⁸
