3022 5024
643 390 864 463 ...40..

166 625 237 679 non
266 606 367 677 nimis
395 606 582 696 presserim,
610 614 723 677 tamen
753 624 817 677 nos
841 605 1002 696 suspicari
1030 622 1132 695 posse
1157 603 1341 695 putaverim

166 717 330 786 Senecam
369 717 531 802 tragicum
567 735 643 784 cum
678 715 805 783 Aetnae
841 723 975 783 auctore
1014 716 1115 783 artius
1154 717 1341 783 cohaerere.

166 825 246 894 Uter
269 825 407 891 alterum
426 825 614 909 respexerit,
640 823 781 890 dubium
806 841 880 890 esse
897 842 968 891 non
992 828 1113 909 potest,
1135 842 1215 890 -cum
1232 824 1342 909 pbilo-

166 932 297 1017 sophus
321 932 375 997 ille
398 929 526 997 Aetnae
543 932 696 998 notitiam
721 948 791 997 non
809 931 940 1010 habeat,
966 929 999 996 id
1016 929 1111 1015 quod
1128 929 1206 997 inde
1224 930 1341 1012 elucet,

166 1037 260 1124 quod
284 1039 356 1104 eius
373 1039 407 1104 in
424 1037 637 1104 Naturalibus
654 1037 919 1118 Quaestionibus
941 1039 1149 1104 mentionem
1167 1056 1237 1105 non
1253 1038 1341 1106 facit.

272 1144 325 1211 Ad
348 1146 412 1212 hos
447 1146 541 1230 ipsos
576 1146 679 1211 libros
709 1145 774 1211 iam
810 1163 1001 1230 pergamus.
1049 1144 1236 1225 Quomodo
1271 1145 1342 1212 fieri

167 1253 286 1338 potuit,
312 1260 347 1319 ut
362 1251 502 1332 Seneca,
527 1271 603 1321 cum
627 1270 686 1319 eos
706 1252 893 1332 conticeret,
919 1270 1052 1318 carmen
1073 1257 1225 1318 nostrum
1242 1252 1342 1338 plane

167 1362 343 1446 ignoraret,
368 1359 459 1426 unde
484 1377 564 1426 sane
588 1377 703 1425 versus
727 1360 922 1445 aptissimos
950 1358 1065 1425 afferre
1089 1360 1220 1444 potuit?
1267 1359 1343 1427 Hoc

167 1466 299 1533 duabus
323 1466 507 1533 rationibus
544 1466 697 1549 explicari
734 1482 835 1549 posse
859 1464 1017 1531 Sudhaus
1052 1472 1138 1532 recte
1170 1464 1341 1532 iudicavit:

166 1578 223 1639 aut
235 1571 365 1638 Annaei
378 1573 586 1656 temporibus
600 1573 795 1656 poemation
813 1571 896 1638 illud
913 1573 1085 1639 oblivione
1104 1573 1169 1638 iarn
1184 1573 1341 1639 obrutum

166 1688 235 1748 erat
269 1687 326 1746 aut
361 1679 514 1746 nondum
551 1680 714 1758 exstabat;
750 1698 890 1765 quarum
921 1680 1160 1746 sententiarum
1197 1680 1341 1765 priorem

167 1787 382 1855 doctissimus
406 1786 460 1852 ille
483 1787 532 1853 vir
555 1793 679 1853 tutatus
705 1794 764 1853 est.
813 1787 888 1853 Hoc
917 1794 1028 1855 autern
1053 1785 1215 1853 iudicium
1241 1805 1341 1872 prop-

166 1903 254 1963 terea
277 1895 359 1961 ferre
384 1895 502 1979 potuit,
539 1892 633 1978 quod
660 1913 768 1979 paene
792 1895 894 1960 totius
923 1894 1046 1960 saeculi
1074 1893 1220 1979 spatium
1245 1894 1342 1960 inter-

167 2001 283 2070 cedere
330 2002 414 2067 inter
458 2008 620 2086 tempora,
668 2002 791 2086 quibus
838 2008 1015 2086 utrumque
1055 2003 1213 2087 scriptum
1254 2008 1343 2068 esset

167 2109 367 2190 coniectum,
404 2126 600 2193 persuasum
638 2109 763 2175 habuit.
811 2107 878 2174 Sed
915 2127 991 2175 cum
1027 2127 1127 2194 supra
1163 2127 1232 2176 non
1268 2109 1342 2175 sine

167 2216 400 2302 probabilitate
436 2215 671 2299 collegerimus
707 2215 855 2281 Culicem
891 2213 1051 2282 Ovidium
1086 2216 1263 2282 Manilium
1299 2217 1343 2284 ab

166 2321 294 2389 Aetnae
306 2328 443 2412 *auctore
460 2321 630 2388 adhibitos
647 2340 730 2402 esse,
756 2341 832 2388 cum
851 2341 892 2388 eo
915 2322 1021 2389 iacere
1047 2341 1116 2390 non
1142 2341 1341 2409 possumus;

167 2448 299 2497 carmen
325 2430 415 2496 enim
440 2436 570 2514 posta.
597 2431 635 2496 17
657 2449 689 2515 p.
713 2429 787 2496 Chr.
814 2450 846 2496 n.
872 2429 1056 2512 conditum,
1088 2448 1156 2516 quo
1181 2433 1343 2516 agebatur

167 2538 209 2604 de
250 2535 367 2603 eadem
409 2538 554 2617 materia,
597 2555 697 2621 quam
740 2536 968 2604 Cordubensis
1003 2538 1057 2604 ille
1096 2539 1149 2604 bis
1184 2540 1342 2619 tractavit,

171 2645 327 2729 ignotum
343 2644 447 2710 tuisse
465 2645 505 2723 ei,
530 2663 630 2729 quern
649 2662 771 2711 novem
789 2645 887 2710 annis
904 2651 981 2729 post
996 2645 1156 2712 volumen
1182 2645 1224 2711 de
1248 2653 1343 2713 motu

166 2757 322 2817 terrarum
348 2749 493 2816 edidisse
523 2769 563 2816 ex
587 2751 662 2835 ipso
687 2752 878 2834 accepimus
889 2749 924 2835 1),
954 2751 1030 2835 quis
1055 2752 1184 2835 estqui
1210 2752 1342 2820 credat?

165 2857 287 2923 Verum
324 2858 352 2923 si
388 2856 519 2923 libellus
554 2857 638 2922 inter
666 2875 793 2922 annum
822 2858 871 2937 17,
907 2875 977 2942 quo
1012 2859 1209 2925 vicesimum
1235 2878 1341 2927 unum

168 2982 293 3029 annum
311 2963 440 3029 Seneca
465 2964 596 3047 agebat,
621 2971 653 3030 et
676 2983 705 3029 a.
723 2961 813 3042 62t3,
839 2982 907 3048 quo
924 2963 1099 3031 Naturales
1116 2964 1343 3045 Quaestiones

171 3071 372 3156 composuit,
409 3078 507 3136 natus
528 3076 634 3148 esset,
670 3076 755 3136 certe
781 3071 988 3155 philosopho
1017 3072 1220 3139 innotuisset
1243 3080 1276 3140 et
1299 3074 1342 3141 ab

170 3196 211 3245 eo
235 3177 390 3244 laudatus
413 3178 465 3244 vel
490 3184 773 3244 commemoratus
798 3185 894 3244 esset.
929 3177 971 3245 nt
995 3197 1070 3245 cum
1096 3198 1173 3246 eum
1199 3180 1342 3264 ignoret,

170 3284 431 3369 disceptationes
460 3285 532 3351 illas
562 3291 638 3351 ante
668 3303 800 3352 carmen
831 3285 872 3351 de
896 3284 1002 3352 Aetna
1032 3292 1147 3353 monte
1172 3287 1342 3354 contectas

169 3411 243 3459 esse
268 3391 540 3458 concludendum
566 3399 625 3458 est.

274 3498 367 3565 Haec
390 3500 645 3582 argumentatio,
672 3506 707 3565 ut
723 3500 804 3565 mibi
822 3499 958 3584 quidem
982 3500 1121 3580 videtur,
1148 3501 1245 3568 etiam
1270 3509 1341 3568 turn

166 3605 297 3684 valeret,
327 3607 355 3670 si
384 3605 620 3672 similitudines
650 3607 793 3673 maiores
827 3608 998 3691 utriusque
1027 3608 1138 3694 scripti
1170 3607 1341 3688 deessent;

167 3710 356 3796 gaudemus
378 3718 502 3791 tamen,
527 3713 620 3797 quod
638 3732 707 3779 non
732 3732 803 3781 raro
822 3714 1040 3798 congruentia
1065 3733 1140 3780 cum
1164 3716 1341 3782 verborum

166 3824 236 3884 tum
262 3820 499 3884 sententiarum
525 3819 697 3903 detegitur.
722 3820 834 3901 Quam
852 3822 909 3905 qui
926 3829 1004 3907 post
1019 3821 1183 3888 Senecam
1209 3840 1342 3890 carmen

167 3925 324 4009 scriptum
350 3944 424 3990 esse
456 3933 591 4009 negant,
617 3944 655 3992 ea
687 3946 719 3992 re
744 3928 905 3994 removeri
935 3946 1037 4013 posse
1068 3935 1216 4010 censent,
1248 3929 1341 4014 quod

168 4030 289 4097 eodem
305 4030 399 4097 ionte
417 4033 463 4098 uti
481 4039 632 4098 auctores
651 4033 774 4100 dicunt.
804 4033 845 4100 At
863 4053 902 4100 ex
924 4036 972 4101 eis
988 4034 1122 4120 Wagler
1138 4034 1184 4121 (p.
1199 4036 1255 4122 61)
1273 4037 1342 4103 iure

167 4139 249 4205 mibi
272 4137 403 4204 videtur
426 4139 647 4222 quaesivisse:
673 4159 822 4224 quonam
840 4147 888 4207 'ex
902 4141 1017 4208 fonte?
1041 4142 1160 4226 Neque
1185 4143 1274 4209 enim
1299 4143 1342 4210 de

167 4245 288 4313 eodem
314 4245 406 4311 tonte
431 4264 541 4311 sermo
566 4264 640 4312 esse
664 4255 784 4331 potest.
826 4248 901 4314 Hoc
924 4249 989 4314 iarn
1015 4248 1093 4316 inde
1119 4249 1226 4316 elucet
1249 4249 1343 4335 quod

167 4351 330 4420 diversam
368 4353 538 4418 materiam
576 4354 752 4438 scriptores
775 4362 923 4436 tractant,
960 4374 1036 4422 cum
1072 4358 1152 4423 alter
1180 4355 1222 4423 de
1247 4363 1341 4425 motu

273 4565 296 4638 1)
314 4564 350 4620 Ν.
369 4564 424 4636 ou.
443 4565 486 4623 VI
499 4566 523 4622 4.
