3022 5024
621 1246 780 1347 Caput
806 1246 884 1328 III.

272 1568 346 1636 lam
371 1571 413 1636 ab
439 1569 490 1636 his
514 1568 720 1652 argumentis
744 1569 906 1634 abeamus
934 1573 966 1633 et
996 1566 1029 1632 in
1054 1567 1181 1634 tertiam
1207 1585 1342 1652 progre-

166 1677 297 1745 diamur
313 1683 450 1762 partem‚
475 1694 542 1760 qua
560 1673 808 1759 explanandum
834 1681 893 1754 est,
918 1692 1006 1758 quos
1022 1675 1199 1759 scriptores
1214 1672 1342 1741 Aetnae

166 1790 280 1850 auctor
302 1782 453 1849 videatur
476 1781 671 1866 respexisse.
706 1780 802 1846 Hanc
819 1781 1051 1865 quaestionem
1070 1799 1112 1847 ne
1137 1780 1228 1866 apud
1251 1781 1342 1849 hunc

166 1889 302 1976 quidem
344 1895 478 1974 poetam
517 1888 590 1954 sine
628 1887 742 1972 aliquo
784 1887 876 1954 lucro
914 1888 1040 1954 tractari
1076 1887 1228 1968 conlido,
1265 1906 1340 1956 cum

167 1997 533 2082 Romanos'nmiqaam
560 1993 760 2060 dubitavisse
788 1995 827 2061 ab
857 1993 912 2077 eis,
942 1993 1000 2076 qai
1027 1998 1276 2078 antecesserant,
1305 1999 1345 2060 at

166 2124 218 2168 res
241 2107 272 2168 et
294 2107 498 2186 armamenta,
522 2100 570 2167 ita
592 2101 689 2166 etiam
712 2101 808 2167 rerba
832 2107 863 2167 et
877 2101 1050 2167 dictionem
1073 2100 1222 2168 raataari
1244 2102 1343 2185 idqae

165 2209 308 2284 maxime
329 2209 456 2293 saetam
480 2231 548 2275 esse
571 2231 591 2274 a
609 2208 750 2295 poetis1)
774 2209 941 2279 sciamus,
978 2293 983 2299 .

273 2304 439 2384 Catullum
472 2324 583 2384 autem
613 2324 646 2384 et
674 2317 860 2384 Lucretium
891 2317 1096 2397 omittamus,
1131 2317 1209 2402 quia
1239 2336 1341 2385 nemo

166 2423 305 2503 dubitat,
329 2425 411 2509 quin
437 2425 500 2490 hos
524 2431 652 2509 poetas,
678 2424 841 2508 imprimis
862 2424 1059 2504 Lucretium,
1085 2425 1232 2491 imitatus
1256 2425 1307 2491 sit.

271 2530 319 2598 Ac
343 2532 487 2616 primum
512 2531 649 2616 quidem
675 2531 716 2598 de
740 2531 887 2618 Vergilio
914 2531 1097 2600 videndum
1127 2539 1186 2598 est.
1233 2532 1341 2599 Prius-

166 2657 267 2722 quam
293 2644 403 2704 autem
429 2638 471 2704 ad
488 2638 642 2722 singulos
659 2639 755 2706 locos
776 2639 1023 2723 comparandos
1048 2657 1196 2724 pergam,
1221 2639 1340 2705 mirum

165 2745 223 2811 viri
238 2744 327 2811 docti
336 2744 361 2830 ²)
375 2738 534 2811 iudicium
549 2747 891 2827 commemoraverim,
905 2747 973 2832 qui,
985 2754 1021 2814 ut
1031 2746 1158 2813 Aetnae
1172 2753 1341 2813 auctorem

165 2849 340 2917 Maronem
377 2870 450 2919 esse
486 2853 614 2936 probet,
651 2853 806 2920 carminis
840 2872 937 2921 versu
973 2853 1038 2920 634
1071 2852 1192 2937 (pietas
1219 2851 1343 2918 homini

167 2957 331 3023 latissima
351 2957 472 3042 oirtas)
497 2976 598 3043 quam
621 2959 765 3025 maxime
789 2978 825 3026 se
850 2959 992 3027 affirmat
1015 2960 1057 3027 de
1077 2960 1167 3050 dicto
1192 2960 1339 3046 quodam
1431 2971 1434 2977 '

165 3065 288 3150 Vergili
328 3065 512 3132 admoneri.
571 3064 736 3151 Scriptum
773 3067 862 3133 enim
903 3068 983 3152 legit
1018 3068 1052 3133 in
1086 3068 1152 3134 vita
1188 3068 1242 3133 illa
1277 3067 1340 3133 sub

166 3171 290 3239 Donati
311 3173 450 3239 nomine
466 3174 600 3258 vulgata
617 3173 685 3260 (18,
698 3172 771 3259 75);
795 3174 829 3240 V.
847 3172 965 3239 solitas
981 3178 1052 3239 erat
1067 3174 1190 3240 disere:
1212 3174 1341 3239 mattam

164 3275 317 3370 virtatem
334 3279 576 3345 eommodiorem
588 3278 712 3345 homini
725 3301 792 3345 esse
798 3279 975 3362 patientia.
1009 3279 1207 3348 Ciceronem
1222 3282 1341 3348 doctus

166 3384 219 3452 ille
252 3385 301 3452 vir
330 3385 441 3471 legere
465 3386 619 3467 debebat,
648 3388 676 3453 si
702 3387 788 3457 dicta
812 3388 868 3467 illi,
898 3386 991 3472 quod
1027 3388 1061 3454 in
1089 3386 1196 3455 Aetna
1226 3394 1340 3467 exstat,

166 3491 325 3558 similiora
365 3499 397 3559 et
439 3493 543 3561 multa
587 3495 735 3562 invenire
773 3494 896 3574 voluit;
942 3495 1083 3562 fortasse
1121 3502 1191 3562 turn
1231 3495 1340 3561 Tullio

165 3595 306 3665 lletnam
332 3601 565 3685 asscripsisset.

209 3861 211 3865 Δ
272 3794 294 3863 ¹)
314 3793 344 3848 0.
360 3795 470 3851 Hosius
489 3795 519 3849 in
539 3797 778 3851 commentariolo
798 3797 1016 3869 elegantissimo
1035 3797 1072 3852 de
1090 3797 1254 3853 imitatione
1271 3814 1341 3870 poe-

165 3886 260 3936 tarum
279 3883 479 3938 Romanorum
499 3886 661 3955 composito
681 3885 838 3958 (Gryphiao
859 3887 936 3952 1907,
955 3904 982 3957 p.
996 3886 1033 3958 3).

272 3972 295 4043 ²)
314 3972 434 4040 Walter,
456 3974 545 4028 Blam
564 3973 584 4026 f.
609 3972 635 4027 d.
655 3975 734 4046 bayr.
754 3975 1064 4048 Gymnasial·Sohulw.
1086 3976 1155 4032 1899
1178 3995 1205 4049 p.
1226 3977 1286 4032 585.
1305 4009 1340 4018 -

165 4058 318 4115 Tantidem
332 4077 433 4115 eorum
445 4063 588 4117 rationem
601 4065 733 4129 aestima,
753 4065 801 4134 qui
820 4069 926 4134 putant
939 4064 1101 4137 Vergilium
1113 4071 1262 4121 auctorem
1275 4082 1340 4121 esse

165 4165 200 4202 eo
214 4148 386 4217 confirmari,
407 4150 486 4221 quod
499 4150 535 4206 de
547 4150 648 4223 figulis
665 4153 694 4205 in
709 4153 835 4208 camnine
847 4155 958 4208 mentio
977 4152 1013 4208 iit
1031 4155 1071 4226 (v.
1086 4157 1149 4226 517)
1169 4160 1200 4210 et
1212 4155 1340 4210 Maronis

164 4242 276 4309 patrem
299 4237 425 4311 figulum
448 4257 513 4296 osso
536 4241 701 4313 accepimus
725 4241 810 4312 (Ellis
834 4243 865 4296 in
888 4260 1014 4299 excursu
1039 4262 1067 4316 p.
1086 4245 1147 4312 238,
1177 4245 1340 4301 Vessereau

164 4345 191 4398 p.
204 4327 331 4393 XXXV;
360 4333 464 4402 Virpite
482 4333 578 4389 aarait
596 4334 657 4390 bien
680 4352 718 4405 pa
737 4335 858 4392 observer
876 4335 947 4393 dana
970 4332 1086 4393 l’atelier
1102 4335 1226 4407 paternet
1244 4335 1269 4392 te
1280 4335 1341 4406 fait

165 4421 213 4492 ani
230 4425 269 4479 ea
287 4422 406 4480 coartati
424 4423 495 4482 dam
512 4421 643 4495 l’Aetaa).
1161 4493 1177 4548 2
