3022 5024
642 308 864 377 -61-

271 524 443 593 Ciceronis
638 524 660 590 0
811 523 929 590 Manili
954 522 1023 608 (IV)
1156 520 1234 603 0‚75

273 632 391 699 Catulli
643 632 693 709 1,7
815 630 939 696 Lucani
1087 628 1231 729 Ι,0,25

270 739 393 823 Vergili
419 737 514 823 (hen.
537 737 654 823 lV)l
809 735 936 804 Aetnae
1157 735 1256 822 021).

272 880 449 948 Cernimus
473 881 582 964 legem
608 879 697 945 illam
722 877 896 946 aGraecis
921 880 1067 964 petitam,
1093 897 1159 963 qua
1184 878 1342 962 semiqui-

167 990 257 1056 naria
282 989 355 1056 sola
380 987 640 1072 improbabatur,
665 985 799 1052 duobus
818 986 1027 1071 temporibus
1050 986 1206 1052 acerrime
1231 986 1344 1052 obser-

168 1103 278 1163 vatam
304 1114 388 1175 esse,
414 1103 446 1161 et
471 1093 642 1161 Ciceronis
666 1113 750 1160 aevo
775 1101 807 1160 et
831 1094 1040 1179 temporibus
1064 1091 1344 1179 posterioribus²)‚

167 1221 242 1270 cum
271 1202 438 1287 Vergilius
471 1201 613 1268 Ovidius
648 1200 778 1267 Catullo
812 1208 993 1285 praeeunte
1025 1208 1091 1266 tam
1126 1206 1275 1266 accurate
1308 1219 1345 1266 se

168 1329 238 1377 non
269 1310 406 1393 egerint.
453 1309 527 1375 lam
554 1310 728 1393 quaeritur,
759 1315 867 1374 utrum
898 1326 1029 1373 carmen
1066 1314 1215 1373 nostrum
1245 1308 1344 1391 priori

168 1417 212 1482 illi
237 1436 279 1482 an
302 1417 476 1502 posteriori
501 1416 598 1481 aetati
616 1414 829 1481 tribuendum
855 1432 928 1480 esse
952 1413 1111 1479 videatur.
1158 1413 1343 1480 Tullianam

168 1524 346 1589 hexametri
381 1522 552 1608 pangendi
583 1523 744 1588 rationem
780 1521 859 1586 satis
889 1521 1031 1586 alienam
1063 1538 1136 1586 esse
1167 1520 1209 1586 ab
1238 1519 1344 1586 hetna

167 1629 262 1696 facile
287 1629 508 1713 dignoscitur:
535 1629 615 1694 alter
638 1629 783 1694 caesuris
800 1634 877 1712 post
894 1628 1024 1693 tertium
1042 1628 1236 1694 trochaeum
1262 1646 1344 1705 rar0‚

169 1737 248 1803 alter
271 1754 372 1821 saepe
397 1737 511 1813 utitur;
540 1735 619 1800 alter
643 1752 883 1819 nonnusquam
907 1753 1024 1801 versus
1053 1741 1130 1819 post
1160 1733 1344 1801 secundam

170 1850 201 1909 et
229 1850 305 1909 ante
335 1843 461 1908 tertiam
491 1849 524 1908 et
559 1849 636 1927 post
666 1849 815 1926 quartam
846 1842 933 1908 arsin
964 1841 1089 1920 incidit,
1123 1842 1203 1908 alter
1231 1861 1346 1908 versus

170 1968 305 2016 caesura
330 1948 426 2034 pedis
443 1950 526 2015 tertii
544 1956 691 2015 carentes
709 1948 794 2028 odit;
820 1949 899 2015 alter
923 1956 958 2015 ut
974 1948 1122 2015 vidimus
1146 1949 1345 2015 incisionem

168 2059 368 2125 trochaicam
403 2057 499 2142 pedis
533 2058 637 2141 quarti
673 2056 833 2142 repudiat,
870 2057 949 2123 alter
983 2074 1052 2123 non
1090 2075 1161 2122 raro
1196 2063 1343 2141 usurpat.

170 2164 281 2245 Quare
298 2164 404 2231 iacere
421 2166 475 2230 vix
492 2182 684 2248 possumus,
703 2164 783 2248 quin
802 2182 934 2229 carmen
953 2164 1136 2248 posteriore
1161 2164 1215 2229 illa
1240 2169 1346 2229 aetate

171 2271 342 2338 conditum
368 2290 442 2337 esse
467 2288 675 2336 censeamus.

277 2413 344 2480 Sed
379 2415 443 2479 iam
479 2414 766 2499 penthemimeren
801 2413 1029 2497 relinquamus
1065 2420 1096 2480 et
1132 2414 1173 2480 de
1210 2432 1346 2481 caesura

170 2521 335 2588 trochaica
354 2521 449 2606 pedis
466 2522 549 2586 tertii
567 2520 757 2600 videamus;
775 2521 827 2586 cui
845 2527 965 2605 poetae
979 2521 1071 2587 latini
1084 2522 1344 2587 semitemariam

171 2634 203 2693 et
226 2628 496 2713 semiquinariam
522 2627 697 2693 adnectere
727 2628 846 2693 solent.
894 2627 970 2695 Una
994 2629 1046 2693 vel
1071 2628 1169 2693 altera
1195 2646 1345 2693 nonnus·

172 2752 272 2818 quam
298 2734 466 2812 omittitur,
496 2735 700 2818 quinetiam
727 2753 861 2800 caesura
891 2741 969 2819 post
996 2735 1127 2800 tertium
1151 2735 1345 2802 trochaeum

174 2839 264 2905 nulla
289 2841 452 2907 incisione
470 2840 667 2906 subsidiaria
689 2841 843 2926 apposita
867 2878 911 2886 -
935 2859 1015 2908 sane
1037 2841 1201 2907 rarissime
1225 2879 1268 2887 —
1292 2859 1347 2907 oe-

173 2947 277 3012 currit.
324 2947 358 3011 ln
382 2946 488 3012 hetna
513 2947 555 3013 95
580 2967 734 3014 caesuras
756 2955 833 3033 post
856 2949 1049 3014 trochaeum
1075 2949 1205 3014 tertium
1231 2948 1346 3034 depre-

173 3052 362 3118 hendimus.
437 3054 563 3120 Harum
623 3056 802 3121 maximam
859 3063 985 3140 partem
1040 3056 1223 3123 incisiones
1274 3056 1348 3122 illae

172 3160 389 3227 subsidiariae
407 3163 616 3241 comitantur,
642 3170 769 3248 praeter
786 3164 827 3229 87
844 3182 896 3229 vv.
914 3182 932 3229 a
950 3162 1102 3229 Franheo
1120 3182 1152 3247 p.
1173 3162 1212 3228 12
1230 3163 1348 3229 allatos

174 3269 239 3334 huc
263 3269 443 3351 pertinent:
468 3288 498 3334 ν.
517 3270 570 3347 69,
600 3287 700 3353 quem
726 3288 802 3336 cum
827 3269 943 3336 Ellisio
968 3270 1016 3336 sic
1040 3271 1133 3354 lego:
1157 3277 1228 3336 tum
1253 3269 1350 3336 Liber

174 3382 300 3440 cessata
333 3375 425 3441 venit
458 3394 516 3460 per
548 3375 656 3441 sidera
690 3426 774 3454 ...,
808 3397 838 3441 v.
864 3375 939 3455 227,
976 3376 1034 3443 ubi
1068 3377 1349 3461 hepthemimeres

174 3480 390 3564 agnoscenda
420 3488 479 3561 est,
510 3501 585 3547 cum
617 3501 752 3548 caesura
782 3483 901 3548 vocula
935 3490 1037 3567 „que“
1066 3484 1221 3568 apposita
1246 3502 1348 3567 saepe

175 3606 244 3653 non
270 3587 417 3654 deleatur
441 3578 584 3673 (Franhe
614 3608 646 3674 p.
675 3588 714 3654 15
739 3588 778 3654 ci.
808 3588 924 3675 Meyer
947 3609 979 3674 p.
1009 3590 1092 3656 1045
1109 3589 1184 3676 sq),
1208 3610 1259 3657 vv.
1284 3589 1345 3655 241

175 3701 207 3760 et
223 3694 298 3774 322,
324 3695 357 3761 in
376 3714 463 3780 quos
480 3695 598 3762 eadem
616 3696 729 3779 regula
747 3696 844 3775 cadit,
868 3717 898 3763 v.
916 3696 992 3776 338,
1018 3697 1051 3762 in
1069 3715 1137 3782 quo
1155 3699 1349 3783 semisepte-

176 3803 265 3867 naria
294 3802 421 3888 syllaba
450 3803 543 3869 vocis
576 3803 681 3879 „ullo“
716 3810 859 3870 extrema
889 3804 969 3871 elisa
999 3806 1152 3889 quamvis
1181 3803 1350 3872 debilitata

176 3915 314 3975 constat.
363 3910 653 3995 Hepthemimeres
682 3918 792 3976 autem
823 3911 894 3977 sola
924 3929 1094 3978 caesuram
1126 3911 1214 3977 illam
1240 3913 1273 3977 in
1297 3932 1349 3979 vv.

176 4015 312 4083 duobus
336 4016 425 4101 (382,
439 4015 518 4101 514)
535 4018 694 4101 sequitur,
720 4036 796 4084 cum
814 4019 918 4085 semel
936 4026 1065 4086 tantum
1083 4018 1176 4106 (622)
1192 4019 1349 4087 trithemi-

283 4303 305 4373 1)
324 4319 352 4357 v.
371 4301 424 4357 472
443 4307 474 4357 at
492 4301 553 4357 530.

284 4391 514 4464 2)1.].ρ.1072
540 4391 698 4465 „Dagegon
723 4391 817 4449 haban
841 4392 948 4450 andero
974 4392 1035 4448 und
1058 4393 1218 4450 bosonders
1237 4397 1350 4481 spateris
1404 4472 1409 4481 1

179 4479 299 4538 Dichter
317 4480 363 4536 die
382 4480 562 4555 griechische
581 4479 676 4555 Regal
693 4481 802 4539 wieder
820 4488 922 4557 strong
941 4483 1163 4559 iesbgehalten.“
1359 4476 1363 4481 ’
