3022 5024
630 323 849 394 „34-

149 547 332 608 removeret
365 539 608 620 offensionem,
648 540 833 607 Vessereau
873 541 1052 609 lectionem
1090 560 1159 609 uno
1198 548 1326 610 tantum

149 645 266 715 codice
309 646 477 728 traditam,
523 665 609 731 quae
649 654 734 714 certe
780 648 988 715 coniecturae
1034 648 1173 716 debetur
1217 670 1327 736 neque

149 754 215 822 ulla
254 754 445 822 auctoritate
480 759 540 832 est,
576 753 610 819 in
641 758 730 820 textu
758 755 885 838 posuit:
926 756 1098 836 eademque
1116 777 1180 837 per
1207 755 1349 840 amaia.

27 912 33 927 ,
148 859 268 947 Neque
278 879 356 928 vero
370 878 505 928 causam
526 860 700 941 habemus,
714 879 771 928 cur
779 860 912 928 libellos
923 861 1078 928 meliores
1089 862 1326 947 relinquamus.

148 965 217 1034 Sed
253 987 321 1035 rem
356 975 451 1035 acute
481 987 500 1034 a
529 966 631 1035 Birtio
667 986 709 1035 eo
738 967 933 1053 explicatam
964 986 1037 1034 esse
1066 987 1200 1049 censeo,
1234 970 1328 1054 quod

149 1081 250 1160 poeta
261 1076 344 1142 haec
357 1076 457 1142 verba
477 1074 632 1160 copulata
642 1095 767 1156 perque
783 1073 891 1139 amaia
907 1074 1077 1142 eldanilio
1094 1076 1327 1161 desumpserit,

150 1181 241 1266 apud
271 1200 371 1267 quem
397 1183 431 1248 in
457 1181 574 1248 eadem
599 1199 714 1248 versus
738 1180 818 1247 sede
842 1182 895 1248 bis
920 1183 963 1248 ita
988 1190 1173 1263 occurrunt,
1199 1190 1235 1250 ut
1257 1203 1327 1250 ver-

24 1356 35 1369 ,
148 1288 269 1355 borum
294 1289 377 1355 ordo
402 1288 522 1355 rationi
547 1288 782 1373 grammaticae
807 1287 1018 1373 respondeat.

256 1394 298 1462 nt
326 1396 380 1461 alii
416 1395 535 1461 rationi
569 1395 611 1461 ab
646 1393 889 1460 Hildebrandio
924 1395 1025 1461 initae
1054 1414 1124 1463 non
1153 1397 1326 1463 assentior.

149 1501 206 1568 Vir
241 1501 295 1569 ille
324 1502 366 1568 de
395 1500 502 1568 Aetna
532 1502 659 1587 optime
689 1502 824 1566 meritus
853 1500 895 1567 ad
923 1520 1054 1568 versum
1088 1502 1127 1568 13
1155 1502 1240 1585 (ipse
1269 1524 1328 1568 saa

149 1609 267 1690 sineret
288 1608 441 1674 Baeaiaas
466 1610 565 1691 pede)
593 1614 732 1674 annotat
760 1607 809 1694 (in
838 1607 926 1673 Mus.
951 1606 1056 1674 Rhen.
1084 1609 1168 1675 1905
1198 1627 1230 1693 p.
1248 1609 1327 1695 570)

150 1715 310 1801 suspicari
321 1716 428 1795 licere,
439 1717 528 1780 eade
533 1713 805 1796 poetaBaeeham
815 1716 963 1796 scrupeae
973 1713 1329 1796 fiaentemadeea'veee't;

151 1823 322 1906 εἰρωνικῶς
338 1820 496 1886 aimieam
513 1820 651 1891 abusam
675 1841 742 1885 esse
765 1819 905 1899 artifieio
926 1820 1115 1887 Maniliano
1127 1822 1156 1887 V
1168 1821 1232 1888 238
1249 1841 1327 1906 sqq:

315 1933 346 2008 et
368 1931 398 1992 te
421 1927 550 1994 Baeatre
575 1932 649 1993 taos
672 1927 845 1992 nabentem
868 1927 983 2011 inapet
1005 1930 1049 1992 ad
1071 1928 1177 1993 almae

299 2034 498 2116 ,disponetoe
520 2033 608 2118 iupis
630 2033 780 2098 imitatae
801 2032 910 2117 fronte
933 2035 1064 2099 choreas

311 2141 420 2210 rabere
443 2142 492 2208 vel
508 2139 645 2223 proprio
669 2139 822 2219 fidentem
844 2139 882 2205 ia
906 2140 1038 2206 brachia
1061 2143 1159 2206 daaet

312 2252 404 2331 teqae
428 2247 487 2314 tta·
509 2250 617 2313 eredat
639 2268 826 2331 semperque
849 2268 869 2312 a
893 2252 996 2312 matre
1019 2251 1175 2313 resectam

311 2354 471 2440 natanael
490 2354 635 2420 calamia.

257 2461 368 2529 Nimia
397 2463 577 2530 subtilitate
605 2463 711 2529 virum
741 2461 973 2529 doctissimum
1004 2481 1103 2528 usum
1133 2481 1206 2528 esse
1235 2470 1327 2547 puto,

152 2587 228 2636 curn
241 2570 341 2636 talem
355 2570 439 2636 inter
451 2570 515 2637 hos
527 2570 623 2636 locos
635 2570 798 2635 rationem
812 2568 1013 2635 intercedere
1026 2569 1090 2635 sibi
1102 2570 1326 2653 persuaderet.

151 2675 274 2743 Verum
307 2677 349 2742 ab
374 2676 616 2759 antiquissimis
639 2676 847 2760 temporibus
871 2675 1023 2742 Bacchus
1047 2676 1243 2761 saepissime
1267 2694 1328 2761 pro

150 2782 232 2850 vino
264 2784 489 2868 metonymice
520 2781 704 2860 adhibetur,
734 2800 844 2866 neque
874 2782 973 2866 igitur
1001 2782 1120 2848 mirum
1145 2789 1204 2863 est,
1236 2782 1329 2867 quod

150 2888 254 2955 fluere
290 2889 407 2956 dicitur
442 2888 496 2974 (ct.
522 2889 639 2956 Manili
674 2889 709 2954 ΙΙΙ
748 2888 841 2973 153);
878 2889 971 2974 quod
1000 2896 1111 2956 autem
1141 2893 1218 2956 eum
1243 2892 1329 2971 pede
1408 2959 1410 2962 ,

151 2995 312 3063 fluentem
353 3003 453 3082 poeta
493 2996 600 3081 tingit,
635 2995 775 3063 tortasse
811 2994 1001 3062 recordatus
1037 3003 1087 3062 est
1121 2996 1163 3062 de
1203 2996 1327 3063 Culicis

152 3103 263 3170 verbis
279 3105 366 3184 peda
389 3102 514 3168 tabitam
535 3105 637 3168 arada.

259 3209 518 3278 similitudinem
555 3215 665 3278 autem
702 3211 812 3290 talem,
842 3210 974 3296 equali
1004 3209 1131 3294 aliquid
1154 3211 1328 3290 lucramur,

152 3324 278 3384 exstare
313 3317 544 3391 affirmaverim
581 3319 664 3386 inter
690 3316 818 3385 Aetnae
847 3338 877 3385 v.
907 3319 968 3384 144
997 3324 1029 3384 et
1056 3316 1173 3383 Manili
1204 3316 1239 3384 ΙΙΙ
1270 3317 1327 3397 43;

153 3425 248 3491 cuius
277 3443 353 3492 curn
384 3425 570 3492 enuntiatio
601 3432 677 3510 apta
702 3432 734 3491 et
762 3424 907 3497 dilucida
932 3425 983 3504 sit,
1007 3423 1134 3491 Aetnae
1160 3424 1255 3490 locus
1280 3423 1328 3489 oi-

153 3531 308 3599 iensione
332 3551 402 3599 non
428 3539 523 3598 caret.
572 3533 665 3599 Haec
689 3533 779 3599 enim
803 3533 974 3616 leguntur:

314 3643 351 3704 ta
374 3641 465 3705 mado
488 3638 623 3704 subtiles
646 3637 755 3704 aalma
779 3641 861 3704 aava
878 3637 1012 3720 percipe
1036 3658 1142 3703 caras.

206 3800 209 3806 r
261 3744 363 3826 Quod
387 3746 531 3815 editores
548 3747 635 3812 hanc
650 3746 850 3813 sententiam
868 3745 968 3831 plane
985 3763 1055 3812 non
1073 3745 1329 3831 explicaverunt,

54 3894 58 3900 -
154 3852 339 3920 dolendum
353 3861 418 3934 est;
430 3852 587 3921 Sudhaus
599 3854 751 3920 verbum:
766 3873 864 3918 caras
876 3853 920 3919 ita
936 3851 1113 3919 transtulit:
1127 3849 1329 3918 Gedanlren-

153 3963 463 4046 zusammenhange
493 3961 704 4047 (Vessereaut
734 3957 908 4041 questione,
933 3958 1029 4024 Ellis:
1053 3956 1331 4040 inaestipata'aas);

154 4086 266 4153 neque
293 4086 371 4135 vero
401 4069 503 4135 aliurn
528 4067 608 4134 novi
631 4068 755 4148 locum,
784 4085 853 4153 quo
878 4064 959 4132 illud
983 4062 1222 4149 vocabulum1)
1243 4064 1330 4130 hanc

261 4245 283 4319 1)
303 4244 395 4317 Saepe
424 4248 639 4315 componuntur
658 4262 740 4302 carae
764 4251 789 4301 et
813 4246 997 4314 capitatione,
1023 4239 1075 4296 sed
1101 4241 1208 4310 ubique
1227 4240 1276 4306 ita,
1296 4243 1331 4292 ut

154 4354 223 4391 eura
251 4352 371 4392 sensum
398 4332 547 4406 cogitandi
573 4332 723 4404 praebeam
752 4333 854 4404 lingua
872 4331 1030 4387 vernacula
1058 4331 1119 4385 usis
1147 4330 1232 4383 nobis
1251 4346 1329 4399 non:

156 4424 627 4495 „Gadankenzusammenhange“,
646 4419 699 4477 sed
719 4420 787 4489 „das
804 4420 1011 4488 Nachdenken‚
1031 4418 1077 4475 die
1097 4419 1269 4491 Erwdgung
1287 4417 1330 4473 als

123 4585 125 4590 Ι
155 4515 332 4589 Handlung“
353 4514 527 4572 vertendum
552 4517 604 4570 est.
642 4509 794 4566 Eiusmodi
814 4526 897 4568 ouras
918 4510 1086 4580 „molimur“
1106 4507 1155 4583 (ef.
1174 4526 1203 4564 v.
1217 4507 1263 4583 24)
1282 4507 1330 4563 vol
