3022 5024
642 376 942 454 -14-'

166 617 240 670 esse
269 599 439 682 sciremus,
468 605 548 668 tunc
568 617 657 668 sane
688 598 803 669 omnia
828 597 1087 668 Kruclciewiczio
1119 594 1339 668 concederem

166 727 311 793 eumque
335 714 485 775 sectarer.
522 706 590 774 Sed
607 726 683 776 cum
700 714 834 792 poetam
853 725 923 774 non
940 725 958 773 e
974 707 1041 773 vita
1058 707 1130 792 ipsa
1154 706 1215 773 sed
1232 724 1249 773 e
1266 706 1340 773 lon-

165 816 256 883 tibus
273 815 402 900 scriptis
419 815 572 882 hausisse
588 814 671 882 locis
688 813 865 894 similibus,
883 814 940 898 qui
957 813 1048 899 apud
1065 813 1149 880 alios
1165 813 1341 898 scriptores

166 927 306 1003 exstant,
336 923 513 1006 probatum
543 921 594 1002 sit,
630 919 790 987 accidisse
825 938 958 1002 cense0,
988 927 1024 987 ut
1051 920 1219 1006 exemplar
1242 938 1340 987 suum

166 1035 234 1096 tam
259 1034 409 1095 accurate
433 1029 467 1095 in
491 1044 606 1096 versus
630 1027 802 1114 redigeret,
833 1033 869 1093 ut
892 1027 991 1094 etiam
1016 1045 1055 1094 ea
1079 1033 1229 1107 servaret,
1255 1045 1341 1112 quae

166 1134 265 1221 plane
294 1134 370 1221 apta
400 1154 470 1203 non
500 1135 565 1201 iam
595 1141 696 1202 erant.
743 1134 829 1202 Eum
854 1135 1018 1219 pictorum
1044 1135 1101 1201 arti
1126 1153 1196 1202 non
1220 1133 1341 1201 lavisse

165 1259 291 1322 versus,
320 1241 362 1308 de
387 1241 510 1327 quibus
533 1242 676 1326 agimus,
699 1248 873 1321 testantur;
899 1259 1013 1309 nonne
1031 1240 1162 1309 credere
1178 1239 1342 1308 debemus

166 1367 244 1416 eum
281 1349 416 1416 artificia
451 1368 522 1416 non
558 1350 744 1416 curavisse?
779 1348 871 1432 Quid
907 1350 1037 1430 mirum,
1067 1349 1169 1434 quod,
1206 1367 1281 1416 cum
1307 1350 1341 1416 in

165 1456 267 1524 libelli
302 1457 355 1522 sui
390 1457 499 1524 verbis
535 1457 728 1535 inhaereret,
752 1457 835 1523 tales
858 1472 910 1523 res
933 1463 991 1523 aut
1015 1475 1085 1523 non
1109 1454 1342 1524 animadvertit

167 1571 224 1631 aut
263 1570 389 1630 mutare
428 1564 570 1648 sprevit?
633 1563 723 1628 Nihil
763 1563 863 1648 igitur
901 1563 942 1629 de
980 1563 1166 1630 tabularum
1212 1564 1340 1630 illarum

167 1670 488 1737 commemoratione
524 1669 693 1749 discimus,
729 1669 793 1735 nisi
828 1669 967 1749 fontem,
1004 1688 1073 1754 quo
1109 1671 1143 1736 in
1172 1677 1263 1756 parte
1288 1671 1341 1743 illa

166 1777 274 1856 utitur,
304 1794 346 1843 eo
370 1783 521 1861 tempore
550 1777 707 1861 scriptum
733 1794 917 1861 essequo
942 1776 1016 1850 illae
1040 1775 1194 1844 nondum
1211 1775 1339 1844 Romae

168 1889 260 1950 erant
284 1882 317 1968 (i.
336 1901 364 1949 e.
382 1889 458 1950 ante
483 1903 511 1949 a.
537 1884 689 1950 cru-44.
707 1903 736 1949 a.
751 1882 810 1949 Ch.
830 1883 876 1969 n.)

274 1988 340 2054 lam
355 1988 512 2055 adfinem
528 1990 627 2055 huius
640 1991 740 2074 partis
754 2007 943 2074 pergamus,
961 2008 1037 2056 cum
1051 1989 1093 2056 ad
1107 1990 1340 2075 quaestionem

166 2095 255 2163 illam
291 2096 488 2181 saepissime
523 2102 690 2163 tractatam
720 2096 919 2163 accedamus
948 2114 1033 2180 quae
1058 2103 1107 2162 est
1130 2095 1172 2162 de
1196 2095 1341 2163 Tritone.

166 2201 362 2287 Priusquam
398 2210 509 2270 autem
545 2222 613 2270 rem
649 2205 757 2288 ipsam
782 2203 955 2289 explicem,
988 2202 1030 2270 de
1055 2210 1210 2271 contextu
1234 2220 1342 2288 pauca

167 2309 287 2375 dicam.
334 2310 420 2376 Libri
445 2310 488 2376 ita
512 2309 645 2377 tradunt
667 2328 799 2377 versum
824 2310 903 2376 294:

366 2455 443 2499 uam
466 2433 568 2499 veluti
590 2439 687 2500 count
708 2456 765 2499 oro
789 2437 852 2500 duo
877 2433 995 2500 tritone
1018 2455 1133 2500 cancro
1179 2432 1208 2499 Ο

522 2563 580 2607 oro
602 2541 758 2626 (ore-Ar)
780 2539 840 2607 diu
864 2541 986 2607 tritona
1010 2562 1126 2607 canoro
1172 2539 1264 2605 rAr

272 2665 379 2732 Variis
396 2666 507 2733 modis
525 2685 642 2733 sanare
655 2666 853 2734 studuerunt
869 2666 980 2732 locum
993 2687 1045 2733 vv.
1058 2664 1341 2743 ddhrundeliani

166 2771 345 2839 lectionem
371 2791 440 2839 uno
464 2775 566 2840 verbo
592 2772 714 2838 tritono
735 2774 768 2838 in
787 2771 904 2838 tritone
921 2779 1067 2840 correcto
1084 2773 1118 2838 in
1136 2772 1342 2840 editionibus

166 2880 237 2946 suis
256 2878 415 2946 Sudhaus
438 2887 471 2948 et
486 2880 670 2947 Vessereau
687 2887 857 2947 servarunt
874 2899 984 2966 neque
1000 2898 1079 2948 vero
1096 2879 1218 2947 eodem
1237 2879 1341 2947 modo

167 2987 427 3072 explicaverunt,
473 3005 549 3054 cum
588 2985 746 3055 Sudhaus
790 2987 889 3053 maris
935 3006 1027 3055 oram
1068 2982 1273 3072 intellegeret
1311 2994 1343 3054 et

166 3093 335 3160 Tritonem
360 3093 403 3159 ita
421 3093 561 3161 describi
579 3093 765 3176 declararet,
791 3101 826 3161 ut
848 3095 881 3160 in
899 3095 1108 3181 mythologia
1124 3094 1194 3161 lieri
1211 3093 1342 3173 soleret,

168 3201 248 3268 alter
277 3207 387 3267 autem
412 3220 442 3267 v.
468 3199 499 3266 d.
525 3200 567 3267 de
589 3200 717 3269 Tiberis
747 3202 827 3286 ripis
855 3202 1015 3287 cogitaret
1036 3200 1196 3267 Aeneidis
1219 3201 1239 3267 l.
1260 3199 1294 3266 ll.
1311 3219 1341 3267 v.

168 3308 232 3374 788
261 3306 409 3386 laudat0,
441 3308 498 3374 ubi
527 3305 578 3373 his·
603 3359 610 3375 .
636 3359 643 3374 .
668 3307 734 3373 oris
763 3327 822 3394 pro
854 3327 974 3403 campp
1002 3308 1123 3375 Martio
1153 3309 1187 3374 in
1215 3306 1343 3374 Tiberis

166 3415 237 3500 ripa
271 3415 336 3481 sito
372 3413 541 3482 diceretur.
600 3415 719 3500 Neque
753 3434 832 3483 vero
869 3414 1039 3482 Sudhausi
1075 3414 1251 3500 explicatio
1288 3413 1343 3479 illa

166 3528 251 3587 stare
275 3528 396 3607 potest,
421 3540 500 3587 nam
524 3523 597 3589 sine
621 3521 725 3589 dubio
751 3521 792 3589 de
817 3523 981 3602 machina,
1007 3540 1077 3589 non
1102 3520 1143 3588 de
1161 3540 1194 3589 re
1211 3522 1343 3608 mytho·

165 3627 276 3712 logica
312 3634 426 3695 auctor
460 3630 560 3695 verba
583 3628 674 3708 iacit;
711 3646 811 3713 quare
836 3627 1051 3695 doctissimus
1076 3628 1129 3695 ille
1153 3629 1201 3695 vir
1225 3634 1342 3713 postea

167 3733 271 3820 (Gon.
307 3736 372 3820 gel.
402 3734 485 3802 ΑΗΖ.
518 3734 601 3801 1903
636 3753 668 3819 ρ.
693 3735 772 3821 548)
802 3736 991 3820 proposuit:
1028 3739 1124 3800 sonat
1157 3733 1342 3817 organicus,

167 3841 260 3925 quod
296 3841 537 3927 Hildebrand¹)
573 3842 708 3926 accepit.
757 3841 857 3907 Hunc
886 3842 950 3908 sibi
978 3842 1077 3926 lingit
1100 3840 1258 3908 Sudhaus
1282 3842 1342 3907 ho·

167 3947 303 4027 minem,
340 3949 397 4033 qui
429 3949 619 4015 varietatem
648 3963 809 4015 sonorum
834 3953 1003 4032 temperet,
1034 3967 1110 4015 cum
1135 3947 1343 4016 Hildebrand

168 4071 272 4143 unum
312 4073 435 4120 sonum
475 4054 616 4139 longum
657 4072 719 4120 nec
753 4054 862 4121 varios
897 4053 1031 4121 Tritone
1069 4055 1166 4121 iundi
1202 4055 1345 4123 declaret

106 4211 108 4215 ,
167 4158 313 4244 ideoque
350 4163 545 4246 organicum
580 4161 710 4228 labrum
747 4167 849 4246 putet,
885 4161 942 4246 qui
979 4163 1154 4229 machinae
1179 4162 1342 4230 consulat.

167 4264 333 4350 Equidem
364 4269 552 4335 coniectura
581 4287 652 4334 non
677 4286 764 4353 opus
789 4285 862 4334 esse
887 4269 1069 4352 putaverim
1095 4275 1127 4335 et
1150 4276 1342 4336 contextum

167 4375 358 4458 receperim,
383 4393 483 4460 quem
500 4374 685 4442 Vessereau
702 4373 866 4455 defendit;
892 4376 1018 4459 optime
1035 4377 1125 4442 enim
1144 4376 1344 4460 intellegitur

274 4552 297 4623 1)
317 4550 505 4620 Hildebrand,
526 4550 734 4620 „Rhetorische
752 4549 932 4625 Hydraulik“
952 4551 1055 4606 Philol.
1076 4552 1146 4608 1906
1164 4570 1190 4624 p.
1210 4551 1270 4606 438.
