3022 5024
646 313 867 388 ..55-

257 531 425 601 Lucretius
449 529 473 619 (1
501 530 665 619 1-1000)
716 570 760 581 -
783 530 836 613 24,
883 530 947 614 2,4
972 531 1006 600 in
1031 531 1180 601 centenis
1203 551 1255 602 vu.

256 639 373 708 Cicero
397 641 477 728 (700
499 639 566 725 vv.)
715 678 759 688 -
805 639 835 722 5,
882 639 947 720 0,7
1113 691 1126 719 ,

257 746 406 815 Catullus
429 747 523 835 (797)
714 782 759 795 -
805 747 836 828 7,
881 747 913 827 0,
926 747 968 814 87
1113 798 1126 826 ,

255 857 378 942 Vergili
402 856 482 923 Buc.
507 855 600 942 (800)
716 891 759 902 -
804 854 835 935 6,
882 854 914 935 0,
927 855 970 922 77
1113 906 1126 934 ,

328 964 452 1048 Georg.
477 961 592 1050 (2167)
716 999 759 1008 -
786 961 836 1043 19,
882 961 913 1043 0,
927 962 969 1028 88
1113 1014 1127 1041 ,

326 1070 495 1139 Aen.let
514 1068 537 1136 ll
554 1066 669 1155 (1461)
715 1106 759 1116 -
882 1068 948 1150 0,7
1112 1121 1126 1149 ,

259 1178 479 1248 Germanicus
503 1176 596 1264 (939)
715 1214 759 1223 —
804 1175 835 1257 5,
881 1176 913 1257 0,
927 1175 969 1244 53
1113 1229 1126 1257 „

256 1285 356 1354 Ovidi
380 1285 460 1352 Met.
478 1284 501 1351 ll
525 1283 618 1371 (875)
715 1321 760 1330 -
803 1284 836 1363 0,
882 1284 904 1350 0

255 1394 372 1460 Manili
397 1394 416 1460 l.
434 1392 475 1459 lV
491 1391 584 1478 (935)
715 1429 759 1439 -—
804 1391 835 1472 0,
881 1391 903 1457 0

255 1501 379 1567 Lucani
404 1498 464 1566 l.ll
487 1497 580 1585 (736)
715 1536 759 1545 -
803 1498 835 1578 0,
881 1497 903 1563 0
1113 1550 1126 1578 ,

254 1607 360 1674 Aetna
384 1605 478 1692 (646)
714 1643 758 1651 -
807 1603 968 1691 1‚¹)0,15
1113 1658 1127 1685 ,

257 1713 353 1794 Quae
378 1715 405 1780 si
430 1714 545 1780 animo
570 1711 816 1797 ponderaveris,
842 1712 1009 1780 concedes
1028 1711 1169 1781 Aetnam
1194 1712 1345 1798 proxime

167 1820 323 1888 accedere
359 1819 402 1886 ad
426 1817 538 1899 Ovidi,
574 1818 631 1904 qui
667 1819 794 1903 primus
822 1818 888 1904 legi
913 1819 957 1885 illi
983 1820 1082 1904 plane
1106 1818 1289 1905 respondit,
1314 1827 1347 1888 et

166 1927 283 1994 Manili
309 1933 341 1994 et
364 1926 488 1992 Lucani
513 1932 614 1992 artem
641 1926 820 2006 metricam,
845 1926 1036 2011 praesertim
1062 1944 1137 1993 cum
1155 1925 1346 1993 recordatus

166 2035 229 2100 eris
259 2033 531 2121 monosyllabum
562 2053 644 2114 ettrn,
674 2049 743 2117 quo
766 2029 893 2099 Aetnae
916 2053 946 2099 v.
964 2031 1029 2098 562
1054 2032 1225 2113 clauditur,
1254 2031 1347 2119 apud

166 2141 351 2207 Lucretium
370 2159 440 2207 non
458 2159 529 2206 raro
547 2141 579 2206 in
597 2154 712 2206 versus
731 2139 819 2206 exitu
833 2139 972 2205 inveniri
984 2141 1114 2223 (etrum
1126 2139 1243 2206 117242
1257 2158 1285 2207 e.
1299 2159 1344 2220 a.;

166 2253 224 2312 ont
252 2268 325 2313 eum
348 2246 383 2313 ill
407 2246 468 2312 221
484 2246 514 2312 V
529 2245 649 2332 10,71)
678 2244 824 2330 ideoque
856 2245 1041 2313 imitatione
1065 2245 1260 2313 Lucretiana
1290 2265 1345 2313 ex-

166 2355 282 2421 cusari.
329 2352 573 2421 Stabiliendum
599 2353 698 2437 igitur
721 2358 771 2419 est
793 2349 920 2419 Aetnae
944 2359 1112 2420 auctorem
1138 2353 1172 2419 in
1197 2352 1345 2421 clausula

166 2461 402 2548 monosyllaba
426 2459 580 2527 evitanda
603 2459 710 2526 lacere
727 2477 802 2526 cum
821 2456 945 2526 Ovidio
962 2460 1139 2545 poetisque
1155 2466 1345 2548 tempomm

165 2569 424 2654 insequentium.

271 2674 379 2741 Altera
404 2674 641 2760 praescriptum
667 2668 717 2741 ”est
740 2674 826 2758 lege,
851 2692 894 2741 ne
922 2674 1059 2741 verbum
1078 2680 1233 2760 quattuor
1248 2674 1345 2762 sylla-

164 2782 280 2848 barum
318 2783 351 2848 in
376 2783 495 2867 ,versus
518 2781 586 2847 line
611 2788 804 2867 poneretur;
839 2781 947 2848 versui
972 2781 1072 2916 igitgrr
1094 2782 1187 2850 bono
1211 2785 1345 2852 exeunti

20 3014 24 3018 η
166 2925 251 2991 male
281 2924 460 2991 convenire
484 2929 683 3009 putaverunt
705 2923 769 2989 tale
794 2924 907 3008 quale:
934 2925 1111 2992 stabilibat.
1158 2923 1344 3006 Quomodo
1391 2924 1394 2929 '

167 3032 266 3097 huius
296 3031 462 3116 praecepti
492 3032 653 3097 rationem
688 3030 864 3097 habuerint
897 3037 1027 3116 poetae,
1062 3050 1080 3098 e
1111 3050 1251 3100 numero
1275 3051 1345 3100 ver·

165 3158 265 3205 suum
290 3145 404 3205 contra
428 3144 643 3225 praeceptum
669 3136 880 3204 conditorum
907 3155 1114 3223 cognoscere
1139 3138 1230 3207 licet:

231 3243 586 3331 LucretiusVltl284)
743 3281 787 3290 -
810 3243 863 3324 21,
913 3245 975 3325 1,7
1000 3245 1034 3311 in
1060 3245 1210 3312 centenis
1225 3267 1278 3314 vv.

232 3353 347 3419 Cicero
372 3352 465 3438 (700)
742 3388 786 3397 -
831 3351 863 3432 8,
909 3351 941 3431 0,
955 3351 997 3418 43
1128 3404 1142 3430 ,

119 3477 120 3481 ’
231 3458 354 3544 Vergili
370 3458 710 3546 Aen.leth(llbl)
745 3496 788 3505 —
834 3460 865 3540 7,
911 3458 977 3540 0,5

232 3565 452 3634 Germanicus
475 3566 569 3654 (939)
741 3604 785 3614 -
812 3566 861 3647 18,
908 3565 929 3631 2

231 3671 345 3741 Ovidii
369 3673 449 3742 Met.
466 3673 502 3741 lll
690 3709 699 3718 ·

230 3780 348 3847 Manili
372 3781 392 3847 l.
410 3781 451 3847 lV

230 3886 338 3955 Aetna
354 3888 448 3976 (646)
708 3958 710 3962 ,

829 3674 861 3754 0,
907 3675 930 3740 0

828 3781 860 3862 0,
907 3781 929 3847 0

834 3890 862 3970 l,
908 3890 940 3972 0,

1129 3833 1143 3859 ll

957 3889 996 3957 15
1013 3891 1056 3977 (ν.
1070 3890 1113 3957 98
1126 3929 1169 3939 -
1181 3894 1281 3975 nique

1090 3996 1278 4080 animanti).

274 4101 377 4182 Quod
394 4121 494 4188 supra
511 4103 743 4184 iudicavimus,
760 4105 859 4171 etiam
877 4102 1343 4172 11001ον1οε1010οο11101011

165 4211 273 4294 magis
313 4228 388 4276 cum
425 4209 550 4279 Ovidio
586 4210 795 4296 Manilioque
835 4230 935 4297 quam
972 4230 1047 4278 cum
1084 4213 1199 4280 ceteris
1234 4213 1344 4297 poetis

164 4317 358 4402 scriptorem
384 4318 582 4384 consentire.
606 4317 641 4383 ld
666 4318 856 4405 exemplum
881 4336 997 4399 unum,
1023 4318 1116 4404 quod
1139 4319 1173 4385 in
1198 4317 1343 4385 carmine

269 4494 293 4566 1)
311 4493 400 4550 Hunc
417 4493 532 4550 Aetnae
550 4493 751 4567 locum.(5b2)
770 4493 872 4569 Meyer
889 4495 1089 4567 praetermisit.
