3022 5024
651 313 852 380 ..9-

164 546 200 594 se
218 527 396 614 applicavit
409 526 670 612 Corneliumque
683 525 845 594 Severum
855 525 880 612 ¹)
897 535 1066 595 auctorem
1084 543 1157 595 esse
1170 527 1342 614 professus

114 642 121 648 '
165 641 224 714 est,
249 635 303 700 alii
329 633 467 713 Ovidi0‚
491 634 685 700 Wernsdorl
708 633 869 719 Lucilio²)
893 653 1026 701 carmen
1050 635 1243 703 tribuerunt.
1291 635 1342 701 li-

165 748 260 808 cetne
284 741 348 807 tale
373 759 414 806 ex
438 740 501 806 illis
525 740 721 826 philosophi
750 741 931 808 enuntiatis
960 741 1181 809 concludere?
1228 741 1339 822 Quem

165 846 207 914 de
238 847 461 933 descriptione
496 845 641 932 quadam
672 845 799 914 Aetnae
831 848 1013 932 cogitasse,
1047 866 1133 932 quae
1165 848 1247 913 nihil
1278 849 1341 914 nisi
1428 906 1442 921 ,

165 954 322 1040 particula
347 955 459 1040 operis
484 953 655 1038 amplioris
680 960 778 1033 esset,
806 954 916 1021 verbis
944 953 1108 1019 deseratus
1131 953 1169 1018 in
1193 959 1247 1019 tao
1272 975 1341 1046 cor·
1417 1014 1421 1019 .

164 1061 251 1125 mine
280 1067 312 1127 et
336 1060 481 1144 attinpos
516 1061 689 1145 probatur;
725 1060 893 1126 eiusmodi
928 1068 1017 1141 sunt,
1054 1079 1140 1145 quae
1175 1062 1342 1146 Vergilius

165 1166 337 1253 (Georgi
366 1166 427 1232 471
461 1185 533 1250 sqq.
563 1164 646 1232 Aen.
671 1165 706 1231 lll
734 1166 796 1232 571
829 1167 917 1252 sqq.)
946 1174 978 1234 et
1006 1165 1150 1234 Ovidius
1173 1167 1267 1254 (Met.
1283 1168 1344 1235 XV

165 1273 356 1359 783—798)
381 1273 423 1340 de
439 1272 546 1339 Aetna
571 1273 771 1341 cecinerunt.
801 1273 911 1340 Primo
928 1273 1065 1358 quidem
1090 1281 1227 1360 aspectu
1252 1273 1342 1340 haud

165 1382 236 1448 scio
267 1400 310 1446 an
342 1380 417 1465 quis
447 1380 564 1447 verbo·
582 1378 773 1461 impleverat
800 1386 1060 1460 commoveatur,
1094 1388 1130 1447 ut
1157 1381 1341 1466 Vergilium

167 1488 301 1554 uberius
330 1507 369 1554 ac
391 1488 499 1553 fusius
528 1480 687 1552 montem
703 1486 888 1553 celebrasse
912 1487 1097 1566 arbitretur;
1129 1506 1239 1572 neque
1262 1506 1341 1554 vero

166 1594 208 1660 ad
232 1612 388 1660 versuum
415 1611 590 1659 numerum
609 1594 674 1659 boc
697 1593 900 1659 vocabulum
918 1594 1069 1678 pertinet,
1094 1594 1154 1660 sed
1174 1594 1342 1677 gravitatis

166 1701 287 1786 plenos
311 1718 385 1765 esse
409 1718 524 1766 versus
553 1699 628 1765 illos
652 1699 809 1778 declarat;
839 1706 1007 1785 praeterea
1030 1698 1250 1784 Vessereau³)
1278 1717 1342 1767 suo

167 1808 235 1872 iure
260 1806 401 1872 affirmat
425 1807 490 1873 hoc
513 1806 716 1873 vocabulum
741 1805 784 1872 ad
808 1822 937 1892 paucos
959 1825 1075 1873 versus
1099 1806 1342 1890 significandos

167 1912 287 1979 eodem
317 1913 421 1980 modo
454 1932 522 1997 quo
551 1914 689 1980 verbum
721 1918 875 1979 tractaret
903 1913 944 1981 de
974 1912 1098 1981 Ovidio
1129 1914 1253 1981 dictum
1285 1912 1342 1979 ad-

167 2020 272 2086 hiberi
296 2037 408 2105 posse.
456 2018 568 2100 Quare
593 2021 673 2086 mihi
691 2019 827 2105 quidem
853 2039 893 2086 ex
908 2019 1039 2087 Annaei
1063 2021 1176 2087 litteris
1200 2019 1343 2087 laudatis

166 2127 343 2194 verisimile
366 2125 496 2193 videtur
511 2126 581 2193 lieri
599 2145 709 2211 neque
725 2127 907 2211 Vergilium
926 2145 1036 2211 neque
1053 2126 1213 2195 Ovidium
1231 2145 1342 2211 neque

167 2233 325 2300 Severum
344 2251 454 2317 neque
471 2234 618 2318 reliquos
635 2234 709 2300 illos
726 2240 854 2318 poetas
872 2252 959 2318 quos
980 2251 1172 2300 enumerare
1190 2251 1342 2317 superse·

167 2340 276 2419 debat,
302 2358 434 2406 carmen
460 2340 552 2424 quod
577 2346 754 2407 tractamus
778 2339 973 2407 confecisse.
1013 2339 1132 2424 Neque
1156 2358 1235 2406 vero
1260 2340 1343 2406 baec

167 2447 331 2513 sententia
357 2447 390 2512 in
408 2446 569 2514 Lucilium
596 2446 697 2526 cadit;
723 2453 807 2513 certe
832 2447 959 2514 amicus
980 2446 1183 2532 exspectavit
1206 2464 1282 2512 eum
1308 2446 1341 2511 in

168 2555 322 2632 carmine,
348 2552 442 2637 quod
466 2572 669 2638 componere
694 2553 728 2618 in
753 2554 867 2620 animo
893 2555 1047 2634 habebat,
1077 2570 1252 2620 excursum
1277 2552 1342 2619 ele·

167 2667 302 2743 gantem
328 2660 370 2726 de
386 2659 493 2726 Aetna
518 2667 632 2726 monte
656 2661 819 2727 facturum
847 2679 931 2728 esse.
968 2659 1037 2728 Sed
1052 2660 1197 2745 'saepius
1213 2659 1342 2738 accidit,

168 2774 213 2846 ut,
231 2767 288 2851 qui
305 2785 410 2833 unum
428 2774 541 2834 movet
556 2766 714 2852 lapidem,
732 2768 860 2833 ruinam
879 2787 1036 2852 magnam
1055 2767 1185 2835 efficiat.
1219 2766 1343 2833 Nonne

166 2873 237 2939 lieri
261 2874 379 2958 potuit,
405 2880 441 2940 ut
457 2873 583 2941 Lucilio
602 2874 755 2958 quamvis
780 2874 822 2940 ad
839 2874 1097 2960 descriptionem
1122 2874 1206 2941 libro
1225 2873 1342 2940 maiori

168 2979 379 3046 inserendam
410 2998 428 3045 a
458 2986 673 3065 praeceptore
703 2980 849 3065 impulso
878 2986 1051 3066 tantopere
1074 2979 1180 3046 Aetna
1205 2979 1343 3045 sativum

168 3091 315 3169 moveret,
341 3095 377 3154 ut
400 3095 556 3173 poemate
581 3092 652 3155 toto
682 3107 755 3154 eam
782 3087 991 3154 nobilitaret?
1037 3086 1141 3168 Quod
1165 3107 1183 3154 a
1208 3087 1343 3173 probili-

167 3201 232 3261 tate
250 3212 320 3261 non
337 3195 513 3262 abhorrere
531 3213 606 3261 cum
625 3192 767 3262 Gerckio
785 3201 817 3261 et
833 3193 982 3280 Ellisi04)
1006 3212 1203 3279 persuasum
1222 3194 1342 3260 habeo.

168 3299 279 3381 Quare
309 3302 363 3367 illa
393 3302 535 3387 epistula
565 3302 695 3378 etiamsi
719 3300 846 3368 Aetnae
877 3307 1045 3367 auctorem
1074 3300 1236 3367 Lucilium
1269 3318 1344 3366 esse
1387 3384 1391 3392 .

169 3427 238 3474 non
263 3408 431 3493 probatur,
462 3415 575 3474 tamen
606 3408 744 3474 minime
774 3407 944 3486 evincitur,
974 3414 1010 3473 nt
1033 3406 1191 3473 Sudhaus
1220 3407 1343 3491 aliique

168 3513 406 3595 iudicaverunt,
430 3516 472 3581 ab
498 3534 539 3581 eo
556 3534 688 3582 carmen
714 3515 871 3600 scriptum
898 3533 967 3580 non
992 3533 1076 3581 esse.
1116 3512 1220 3594 Quod
1243 3532 1342 3599 porro

143 3619 326 3688 ¹Sudhaus
360 3621 406 3707 (p.
424 3621 481 3707 82)
512 3621 686 3689 contendit
718 3641 862 3702 carmen,
895 3622 923 3688 si
954 3623 1112 3708 scriptum
1147 3629 1234 3689 esset
1267 3628 1343 3689 ante

274 3869 296 3942 1)
316 3869 469 3926 Cornelius
492 3869 627 3936 Severus,
652 3888 738 3941 quem
760 3870 910 3926 nonnullis
934 3870 1007 3925 locis
1032 3869 1154 3925 Ovidius
1178 3869 1343 3941 alloquitur,

168 3964 198 4014 et
221 3959 293 4014 alios
317 3963 482 4032 composuit
503 3961 617 4015 libellos
641 3966 672 4015 et
695 3978 808 4016 carmen
833 3961 870 4016 de
893 3961 970 4016 bello
996 3960 1094 4016 Siculo
1118 3959 1202 4026 fudit,
1230 3959 1344 4031 dequo

167 4050 309 4103 Senecam
328 4050 504 4121 cogitavisse
523 4050 679 4104 verisimile
702 4054 755 4104 est.

275 4139 296 4210 2)
315 4138 445 4192 Lucilius
456 4138 584 4193 Senecae
597 4140 707 4194 amicus
721 4139 807 4210 paulo
821 4139 917 4193 iunior
929 4138 1065 4205 Siciliam,
1079 4141 1162 4194 cuius
1175 4143 1344 4210 procurator

168 4232 238 4295 erat,
257 4229 384 4282 carmine
404 4226 574 4297 celebravit3
602 4233 695 4282 restat
712 4228 875 4283 versiculus
893 4230 924 4282 in
942 4227 978 4282 N.
998 4227 1032 4295 Q.
1052 4229 1098 4282 HI
1109 4229 1133 4294 1,
1164 4228 1179 4282 1
1199 4225 1342 4280 laudatus.

274 4319 297 4388 3)
316 4318 352 4372 In
373 4316 500 4372 editione
519 4317 634 4372 Aetnae
652 4336 679 4389 p.
693 4318 815 4374 XXXV.

274 4406 297 4479 ⁴)
316 4405 428 4462 Gercke
441 4405 629 4462 Senecastud.
644 4406 738 4478 (1896)
751 4425 778 4478 p.
794 4408 852 4472 107,
866 4407 938 4463 Ellis
952 4406 996 4463 ed.
1009 4426 1036 4479 p.
1049 4405 1206 4474 XXXVII;
1221 4403 1343 4461 eandem

168 4496 346 4554 sententiam
365 4494 477 4553 Schanz
495 4499 597 4551 tuetur
614 4497 644 4550 in
664 4495 702 4552 H.
721 4495 754 4554 1..
772 4495 807 4552 R.
827 4497 870 4552 IIl
891 4498 943 4569 lp.
964 4496 998 4552 69
1011 4513 1053 4572 sq.
